1874 2940
129 129 177 182 lb8
308 132 336 178 P.
357 130 484 178 ovum
501 127 666 177 NASONIS

127 250 196 306 quae
206 232 312 289 subitus
321 231 463 288 celebravit
471 228 537 287 olor.
566 230 634 284 Nam
644 225 778 302 Phyllius
802 248 888 311 ,7150

127 308 239 380 imperio
248 307 323 379 pueri
332 307 506 377 volucresque
516 304 656 376 ferumque
664 301 770 360 leonem

127 383 268 439 tradiderat
280 382 408 440 domitos:
428 388 535 436 taurum
546 395 654 451 quoque
663 377 771 435 vincere
790 390 872 448 ίιω,

74 469 114 513 075
127 458 239 528 vicerat3
260 465 294 524 et,
315 463 401 543 spreto
411 456 486 511 toties
496 454 579 509 iratus
589 469 686 519 amore,

127 536 761 681 lttltsstttffhttltttlltlltltt

129 682 238 738 desiluit
247 698 322 736 saxo.
351 678 446 733 Cuncti
455 675 733 749 oecidisseputabant:

129 755 214 811 iactus
224 754 280 811 olor
292 753 378 808 niveis
387 751 518 825 pendebat
526 751 555 807 in
565 750 624 807 adra
632 751 739 823 pennis.

76 841 115 885 eto
128 828 291 902 htgenetrix
300 827 394 900 Hyrie,
414 833 549 882 servatum
556 826 653 892 nescia,
674 824 762 884 flendo

129 902 251 958 delicuit:
271 909 311 957 eta
332 918 451 974 numque
459 919 509 958 suo
517 901 550 957 de
560 901 668 958 nomine
676 899 747 958 fecit.

129 977 238 1033 Adiacet
247 976 291 1032 his
300 919 429 1033 lbeuron:
449 978 479 1033 in
488 993 542 1050 qua
552 975 745 1048 trepidantibus
754 977 808 1035 elis

130 1051 231 1124 Ophias
239 1051 332 1128 effugit
340 1059 462 1109 notorum
473 1051 584 1109 vulnera
594 1050 702 1108 Combe.

129 1127 194 1184 Inde
202 1128 343 1186 Calaureae
353 1127 475 1185 Letoidos
487 1126 599 1199 adspicit
611 1143 684 1190 arva,

76 1213 116 1259 ets
129 1203 159 1259 in
168 1203 303 1260 volucrem
314 1203 383 1261 versi
395 1221 457 1260 cum
469 1203 582 1277 coniuge
593 1200 698 1258 conseia
707 1201 792 1275 regis.

130 1281 239 1336 Dextera
249 1279 357 1356 Cyllene
366 1286 418 1337 est:
439 1280 468 1335 in
479 1296 533 1353 qua
543 1294 605 1334 cum
618 1282 701 1331 matre
710 1275 884 1351 Menephron

130 1356 321 1412 concubiturus
331 1361 400 1421 erat,
420 1370 561 1411 saevarum
570 1368 643 1407 more
652 1348 779 1406 ferarum.

131 1429 265 1501 Cephison
274 1429 366 1502 procul
375 1429 439 1484 hino
448 1428 586 1484 deflentem
596 1425 648 1481 feta
658 1425 761 1496 nepotis

130 1503 237 1574 respicit
245 1504 274 1557 in
283 1503 414 1558 tumidam
423 1503 527 1558 Phoceu
537 1503 570 1557 ab
579 1498 702 1573 Apolline
712 1502 799 1560 versi:

78 1590 117 1633 eto
130 1575 291 1647 Eumelique
299 1575 410 1631 domum
420 1575 536 1648 lugentis
545 1576 575 1631 in
584 1578 643 1630 aere
654 1581 754 1631 natam

131 1649 249 1705 Tandem
258 1649 371 1721 vipereis
380 1649 508 1723 Ephyren
517 1649 639 1706 Pirenida
651 1650 748 1722 pennis

131 1724 251 1798 contigit.
281 1724 329 1779 llic
338 1741 402 1781 aevo
410 1732 510 1780 veteres
521 1724 641 1781 mortalia
651 1725 739 1797 primo

132 1817 240 1870 oorpore
249 1798 393 1873 vulgarunt
402 1799 565 1872 pluvialibus
575 1799 645 1855 edite
654 1798 756 1875 iungis.

132 1873 183 1927 Sed
191 1881 333 1946 postquem
342 1874 447 1930 Colchis
457 1875 522 1930 arsit
531 1892 599 1932 nova
610 1883 693 1947 nupta
702 1876 825 1943 venenis,

79 1960 117 2004 005
131 1945 339 2022 flagrantemque
349 1948 458 2005 domum
469 1951 539 2024 regis
550 1966 622 2005 mare
634 1950 701 2006 vidit
713 1957 878 2025 utrumque,

132 2021 786 2174 ffiltlitzllttlttl”lllllltlgrtlh
798 2101 809 2177 t

132 2172 200 2227 llinc
209 2171 350 2228 Titaniacis
360 2174 445 2229 ablata
456 2173 625 2239 baronibus,
646 2175 727 2229 intrat

132 2246 359 2304 Palladiesnrces:
379 2256 491 2321 quaem,
512 2248 780 2316 iustissimePhineu,

79 2329 119 2378 tot
133 2331 226 2396 teque,
246 2339 327 2378 senex
336 2324 463 2397 Peripha,
483 2324 580 2397 pariter
589 2323 680 2378 videre
691 2323 819 2393 volantes,

133 2399 308 2471 innixamque
318 2399 394 2454 novis
405 2407 512 2472 neptem
520 2397 707 2473 Polypemonis
720 2398 780 2455 elis.

133 2474 240 2547 Excipit
250 2474 318 2530 hanc
329 2473 444 2548 Aegeus,
464 2473 532 2531 facto
544 2473 714 2531 damnandus
726 2475 756 2532 iu
767 2492 838 2533 uno:

133 2565 183 2602 nec
200 2552 265 2604 satis
280 2549 426 2625 hospitium
445 2557 499 2617 est,
519 2549 629 2606 thalami
648 2566 756 2622 quoque
774 2549 864 2607 loeder

615 2623 716 2697 iungit.
