1874 2940
136 379 170 432 51
312 385 342 430 P.
362 384 492 431 ovum
510 385 676 432 NASONIS

137 486 258 556 imperet,
277 490 437 556 opaeum,
457 485 544 541 sinon
553 485 692 551 invenerit,
712 484 785 539 addit

83 573 95 615 5
136 558 272 624 exsilium,
292 557 360 615 feoto
371 559 433 632 pius
443 565 469 613 et
476 559 617 614 soeieratus
627 560 727 614 eodem.

137 632 207 688 Orbe
217 642 359 706 pererrato,
378 633 450 706 (quis
460 633 531 687 euim
540 632 700 706 deprendere
709 635 793 706 possit

137 707 308 782 furtuiovis‘i)
320 706 450 780 profugus
460 707 626 780 patriamque
635 708 755 782 iramque
760 710 876 781 parentis

137 783 202 838 vitat
211 782 383 857 Agenorides,
403 782 556 854 Phoebique
564 781 670 837 oracula
679 784 793 856 supplex

137 857 261 923 oousulit,
281 865 317 921 et,
340 873 411 927 quae
420 856 455 910 sit
464 855 544 912 tellus
554 857 707 923 habitanda,
726 859 847 930 requirit.

84 944 109 986 tu
137 932 255 996 nostru,
275 930 397 985 Phoebus
407 931 454 997 sit,
477 930 802 997 solisooourretiuarvis,

139 1005 245 1061 nulium
255 1021 334 1075 pesse
343 1004 449 1077 iugum,
469 1006 600 1077 curvique
609 1005 739 1060 immunis
749 1006 838 1060 aratri.

138 1078 267 1134 Haeduos
276 1078 431 1149 csrpevirs,
451 1087 486 1145 et,
509 1080 830 1155 quarequieveritherbe,

139 1153 242 1208 moenia
253 1151 293 1206 sue
302 1152 415 1218 condes,
432 1154 589 1228 Boeotiaque
598 1154 643 1209 illa
653 1162 752 1210 vocato.

175 1227 227 1281 Vix
237 1227 303 1281 bene
313 1225 426 1283 Castalio
436 1228 553 1284 Cadmus
562 1229 730 1285 deseenderat
739 1237 828 1285 antro:

84 1315 110 1358 15
138 1301 327 1356 incustoditum
338 1300 699 1370 tenovidetireiuvenoam,

139 1375 244 1431 nullum
254 1377 354 1433 servitii
363 1377 582 1453 siguumeervice
590 1386 734 1454 gerentem.

138 1451 326 1526 Subsequitur,
347 1471 492 1526 pressoque
501 1452 564 1528 legit
571 1453 684 1529 vestigia
693 1470 801 1528 gressu3

138 1536 328 1602 auctoremque
336 1529 396 1585 riae
404 1530 542 1586 Phoebum
551 1530 698 1585 taciturnus
708 1527 806 1584 adoret.

138 1603 194 1657 Iam
207 1604 274 1658 vada
283 1604 391 1675 Cephisi
401 1606 574 1677 Panopesque
584 1612 701 1661 evaserat
711 1620 788 1658 arva:

87 1687 112 1729 tt
140 1676 188 1730 bos
198 1678 269 1730 stetit
277 1685 312 1741 et,
333 1677 427 1733 tollens
436 1680 579 1750 spetiosum
588 1679 714 1734 eornibus
725 1677 786 1730 aitis

139 1748 172 1804 ad
183 1750 287 1804 eoelum
296 1749 419 1816 frontem,
439 1753 589 1825 mugitibus
597 1751 706 1823 impulit
715 1767 807 1804 auras:

140 1832 219 1896 atque
228 1823 273 1887 itu,
294 1824 437 1893 respiciens
447 1827 557 1879 comites
567 1834 698 1897 suaterga
709 1829 858 1893 sequentes,

140 1897 290 1971 procubuit,
311 1905 452 1969 teneraque
461 1897 531 1952 lotus
539 1898 666 1952 submisit
674 1898 703 1952 in
713 1895 803 1950 herba.

140 1973 258 2030 Cadmus
267 1971 322 2045 agit
330 1980 427 2045 grates,
449 1973 655 2046 peregrinaeque
664 1968 754 2026 osculo
767 1976 848 2027 terrae

87 2059 111 2103 25
140 2048 207 2122 figit,
227 2056 253 2102 et
262 2048 366 2121 ignotos
375 2054 478 2103 montes
488 2064 618 2120 agrosque
626 2045 733 2101 salutat.

141 2122 218 2177 Socra
226 2121 282 2177 Iovi
292 2120 410 2177 facturus
421 2130 490 2177 erat:
511 2122 584 2176 iubet
595 2122 634 2176 ire
642 2120 787 2186 ministros,

141 2205 166 2251 et
175 2205 261 2269 petere
271 2214 285 2251 e
295 2197 365 2252 vivis
377 2197 497 2251 libandas
507 2195 625 2251 fontibus
634 2197 731 2251 undas.

179 2270 252 2326 Silva
262 2280 339 2326 vetus
348 2273 443 2337 stabat,
464 2271 644 2327 nullavioleta
654 2269 750 2334 securi,

142 2353 168 2401 et
177 2363 273 2418 specus
283 2347 311 2401 in
321 2347 418 2412 medio,
439 2346 524 2420 virgis
534 2364 564 2401 uo
572 2346 674 2401 simine
683 2344 793 2410 densus,

89 2433 113 2475 30
142 2421 258 2477 efficiens
268 2422 399 2477 humilem
412 2420 532 2493 lapidum
541 2421 714 2495 compagibus
723 2435 823 2485 aruum,

141 2498 270 2552 uberibus
279 2496 409 2552 fecundus
418 2496 511 2568 equis,
531 2497 579 2551 ubi
589 2496 711 2552 conditus
720 2502 794 2550 antro

122 2617 124 2620 .
143 2573 254 2627 Martius
264 2572 361 2645 anguis
371 2579 434 2638 erat,
456 2571 544 2625 cristis
553 2571 703 2645 praesignis
712 2578 737 2624 et
746 2587 819 2624 auro.

143 2648 206 2719 Igne
216 2648 314 2701 micant
323 2645 407 2716 oculi;
427 2664 524 2718 eorpus
535 2654 618 2701 tumet
627 2663 705 2701 omne
714 2662 829 2701 veneno:

144 2728 250 2793 tresque
272 2721 378 2776 vibrant
408 2723 529 2796 linguae:
569 2721 665 2794 tripiici
694 2726 765 2775 stant
791 2717 855 2774 ordu

62 2868 95 2906 ³5
125 2863 278 2936 Ouempos
295 2873 411 2930 uomT
431 2871 577 2933 rioluoum
585 2797 816 2940 witigous-‘²
