1874 2940
102 105 136 158 72
290 114 319 158 1³.
340 108 653 178 0v1p11unscu1s

101 209 189 266 lenius
200 217 225 265 et
235 211 338 268 modice
348 213 459 285 strepitu
468 209 605 264 decurrere
618 207 687 264 vidi:

61 297 87 339 te
102 291 137 349 at,
157 303 320 359 quecunque
330 289 417 342 trabes
426 286 613 355 obstructaque
623 302 686 339 saxa
697 287 836 356 tenebant,

102 376 242 430 spumeus,
263 369 288 415 et
297 361 415 424 fervens,
436 366 461 413 et
472 357 506 411 ab
516 359 599 413 obiice
610 359 712 414 saevior
722 361 788 417 ibat.

101 433 169 490 Eece
177 436 305 491 cruentati
315 434 438 488 redeunt:
457 439 492 495 et,
511 432 630 486 Bacchus
641 433 686 487 ubi
698 446 776 502 esset,
842 490 846 496 ,

102 511 240 580 quaerenti
250 509 366 572 domiuo,
385 505 519 559 Baechum
528 506 628 559 vidisse
637 519 778 579 negarunt.

102 583 195 653 Hunc,
228 585 331 646 dixere,
372 586 460 634 nmen
478 580 619 644 comitem,
657 579 849 658 famulumque

577 670 712 706 sacrorum

63 742 89 785 tt
103 732 237 803 cepimus:
258 736 283 784 et
292 725 398 782 tradunt
407 726 532 781 manibus
541 735 601 797 post
615 735 684 798 terge
696 726 784 798 ligatis

103 823 176 860 sacra
186 806 228 859 dei
239 801 373 875 quondam
386 800 520 874 Tyrrhena
529 809 607 873 gente
616 807 747 853 secutum.

102 877 223 949 Adspicit
232 878 305 932 hunc
313 874 446 929 Pentheus
455 873 549 939 oculis,
566 891 634 945 quos
645 874 682 927 irs
693 877 847 932 tremendos

104 952 212 1007 fecerat:
234 959 268 1016 et,
280 965 446 1020 quamquam
456 949 502 1005 vix
511 966 609 1020 poenae
619 957 735 1019 tempora
745 947 844 1017 differt,

104 1026 258 1098 Operiturs,
281 1032 380 1094 tuaque
389 1022 449 1078 aliis
458 1023 615 1079 documenta
623 1023 715 1078 dature

64 1115 89 1159 tt
104 1107 195 1163 morte,
206 1099 252 1166 ait,
263 1099 311 1156 ede
320 1107 396 1154 tuum
410 1116 516 1165 nomen,
530 1117 681 1170 numenque
690 1106 844 1170 parentum,

104 1183 129 1230 et
139 1174 265 1246 patriam3
285 1175 548 1249 morisquenovicur
558 1192 629 1230 sacra
645 1173 805 1247 frequentes.

103 1249 150 1306 Ille
160 1258 232 1308 metu
242 1271 353 1318 vacuus,
374 1253 477 1309 Nomen
487 1250 564 1317 mihi,
586 1250 666 1316 dixit,
687 1249 805 1315 Acoetes,

104 1324 189 1398 petria
199 1328 317 1386 Maeonia
327 1336 381 1384 est:
404 1327 501 1382 humili
511 1326 544 1382 de
552 1325 629 1398 plebe
637 1333 769 1396 parentes.

104 1401 163 1456 Non
174 1402 251 1467 mihi,
271 1421 339 1475 quae
349 1402 408 1457 duri
419 1403 541 1468 colerent,
561 1410 642 1473 pater,
654 1418 717 1457 arva
728 1399 845 1467 iuvenci,

64 1487 89 1531 85
104 1474 309 1550 lanigerosvegr
342 1495 380 1541 es,
401 1495 454 1531 non
465 1475 518 1531 ulla
528 1484 644 1530 armenta
658 1475 779 1548 reliquit;

104 1568 205 1623 pauper
217 1558 243 1605 et
258 1550 315 1622 ipse
338 1550 390 1604 uit:
413 1549 520 1621 linoque
530 1549 628 1604 solebat
637 1558 662 1604 et
673 1551 759 1604 hamis

104 1625 232 1697 decipere,
255 1633 280 1680 et
289 1623 391 1679 calamo
400 1622 523 1677 salientes
533 1623 627 1677 ducere
638 1625 733 1694 pisces.

104 1700 156 1757 Ars
166 1699 205 1754 illi
216 1717 264 1756 sun
274 1717 370 1755 census
380 1705 444 1753 erat.
474 1697 563 1765 Quum
575 1698 685 1752 traderet
698 1706 795 1767 artem,

105 1775 211 1846 Accipe,
230 1795 299 1850 quus
310 1776 403 1840 haheo,
424 1774 505 1829 studii
516 1790 651 1828 successor
664 1781 689 1828 et
699 1774 784 1838 heres,

61 1861 90 1905 ‚tt
105 1849 182 1915 dixit,
204 1869 281 1922 opes:
302 1851 472 1922 moriensque
482 1848 549 1904 mihi
559 1848 626 1902 nihil
637 1847 681 1902 ille
691 1847 807 1919 reliquit,

104 1932 207 1996 praeter
220 1942 316 1998 aquas;
346 1944 432 1981 unum
451 1926 501 1980 hoc
519 1941 631 1996 pessum
650 1922 781 1994 appellare
799 1940 850 1994 pa·

582 2005 698 2052 ternum.

105 2074 168 2129 Mox
180 2090 238 2146 ege,
258 2090 292 2128 ne
301 2073 418 2145 scopulis
427 2074 562 2128 haererem
571 2089 675 2143 semper
684 2070 713 2126 in
723 2071 818 2137 isdem,

106 2147 221 2203 addidici
231 2147 358 2220 regimen,
382 2149 473 2202 dextra
485 2147 649 2211 moderante,
670 2147 774 2202 carinae

105 2221 221 2277 flectere:
241 2229 267 2276 et
275 2220 383 2277 Oleniae
392 2223 467 2276 sidus
476 2219 727 2292 pluvialecapellae,

61 2307 91 2351 tte
107 2297 307 2372 Taygetenque,
319 2298 478 2370 Hyadesque
486 2294 571 2351 oculis
580 2292 731 2364 Arctonque
748 2297 847 2360 notavi,

106 2381 301 2443 ventorumque
311 2371 413 2436 domos,
434 2379 459 2424 et
468 2377 560 2440 pertus
570 2367 707 2439 puppibus
717 2378 801 2441 aptes.

107 2447 184 2501 Forte
192 2455 284 2518 petens
296 2445 387 2510 Delon,
401 2445 464 2499 Diae
473 2442 574 2497 telluris
584 2442 616 2497 ad
626 2461 685 2498 oras

108 2519 234 2592 applicor,
255 2528 280 2576 et
289 2520 388 2576 dextris
398 2519 513 2575 adducor
523 2517 607 2574 littere
618 2519 712 2574 remis:

107 2595 196 2668 deque
206 2594 276 2653 leves
285 2595 383 2663 saltus,
404 2595 525 2668 udaeque
535 2594 664 2651 immittat
677 2607 779 2648 arenae.
