1874 2940
118 105 170 161 ²32
305 108 333 153 Ρ.
354 106 481 153 ovum
499 103 664 154 NASONIS

119 208 201 272 misit,
221 215 247 263 et
254 208 388 278 oppositus
398 208 500 263 disiecit
511 206 625 278 pondere
633 204 734 262 nubes:

64 295 103 338 180
117 282 209 337 recidit
218 282 246 337 in
255 281 368 337 solidum
379 283 457 356 longo
464 288 525 353 post
535 289 649 352 tempore
658 288 757 337 terrum

116 357 232 429 pondus,
252 363 278 411 et
286 357 408 411 exhibuit
417 357 532 410 iunctam
542 372 604 410 eum
615 357 718 411 viribus
729 367 831 420 artem.

117 433 241 489 Protinus
250 430 415 503 imprudens,
436 436 563 503 actusque
573 431 699 502 cupidine
709 429 801 501 lusus,

118 506 208 564 tollere
217 505 373 563 Taenarides
383 503 473 558 orbem
482 507 651 577 properabat:
673 514 699 561 et
708 505 790 564 illum

118 583 185 640 dum
196 595 378 656 repercussum
390 577 503 633 subiecit
513 579 542 634 in
552 583 610 635 aera
621 580 709 648 tellus,

64 668 105 712 185
120 659 148 714 in
158 658 258 721 vultus,
278 652 433 726 Hyacinthe,
453 661 521 709 tuos.
554 654 691 727 Expalluit
700 673 798 729 aeque,

120 751 150 788 ee
158 751 233 806 puer,
253 730 310 799 ipse
322 727 402 783 deus:
423 727 605 802 collapsusque
614 730 712 803 exeipit
721 740 816 792 artus:

119 816 145 862 et
153 806 231 862 modu
240 812 264 857 te
273 801 384 869 relevet,
404 803 483 859 modo
493 804 575 860 tristia
587 804 697 861 vulnere
708 806 806 865 siccat:

119 898 192 935 nuno
203 878 320 933 animem
330 877 442 933 admotis
452 876 596 952 fugientem
608 881 720 934 sustinet
729 881 834 942 herbis.

119 953 162 1009 Nil
171 960 373 1027 prosuntartes:
395 960 449 1008 erat
458 952 651 1011 immedicabile
663 955 777 1012 vulnus.

64 1038 104 1083 ltu
117 1030 152 1085 Ut
161 1030 185 1083 si
195 1028 258 1101 quis
268 1027 361 1093 violes,
381 1028 491 1104 rigunve
500 1047 631 1102 papavera
640 1032 668 1086 in
681 1030 766 1097 horto,

120 1103 228 1176 liliaque
236 1101 372 1177 infringat.
394 1103 476 1161 fulvis
488 1104 621 1162 haerentia
631 1106 728 1179 virgis;

119 1178 235 1234 marcide
244 1177 383 1237 demittant
392 1181 482 1237 subite
490 1189 570 1253 eaput
580 1181 626 1237 ille
635 1187 786 1255 gravatum,

120 1270 204 1310 nense
214 1256 372 1323 sustineant,
393 1264 563 1329 spectentque
572 1257 708 1312 cacumine
718 1263 830 1316 maram:

119 1328 158 1384 sin
165 1328 468 1399 mltusmoriensiacet,
490 1341 515 1387 et
522 1332 621 1387 delecta
630 1333 720 1406 vigore

65 1414 105 1459 tte
119 1404 177 1476 ipse
185 1404 237 1460 sibi
247 1416 287 1462 est
294 1409 367 1464 oneri
377 1408 475 1472 cervix,
497 1407 661 1479 humeroque
671 1406 812 1464 recumbit.

118 1478 237 1545 Laberis,
259 1480 392 1547 Oebalide,
413 1480 754 1552 primelreudnteiuventa,

119 1552 242 1609 Phoebus
253 1556 303 1609 eit:
316 1555 446 1626 videoque
454 1563 542 1620 tuum¹
552 1555 736 1622 menerimina,
748 1556 863 1616 vulnus.

119 1628 160 1684 Tu
169 1627 446 1700 dolereslecinusque
456 1645 556 1682 meum.
586 1629 643 1684 Men
653 1629 758 1685 dextere
768 1630 821 1688 leto

119 1702 288 1759 inscribenda
300 1711 345 1758 tuo
355 1709 403 1757 est.
431 1702 488 1777 Ego
496 1719 559 1757 eum
568 1703 617 1756 tibi
627 1701 728 1758 funeris
741 1712 842 1762 auctor.

65 1786 104 1830 20⁰
119 1776 193 1844 Quae
202 1796 261 1833 mea
271 1777 350 1850 culpa
359 1775 464 1833 tamen‘l
483 1777 569 1833 nisisi
581 1776 678 1832 lusisse
689 1778 778 1833 veneri

118 1852 198 1925 culpa
206 1860 305 1926 potest:
327 1853 379 1907 nisi
389 1851 467 1924 culpe
476 1858 569 1925 potest,
590 1859 616 1905 et
624 1868 741 1914 amasse,
761 1857 861 1908 vocari.

119 1926 208 1999 Atque
216 1928 320 1984 utinam
329 1944 378 1998 pre
386 1934 411 1981 te
420 1928 502 1981 vitam
515 1933 635 1980 tecumve
645 1923 733 1976 lineret

119 2000 240 2058 redderel
269 2001 457 2074 sedquoniam
465 1999 537 2055 letali
548 2000 604 2072 lege
613 2005 747 2060 tenemur3

119 2092 224 2150 semper
233 2078 285 2133 eris
294 2093 409 2140 meeum,
430 2074 593 2146 memorique
601 2069 722 2125 haerebis
735 2067 764 2123 in
774 2085 826 2123 ore.

66 2160 105 2205 205
120 2151 157 2207 Te
165 2151 234 2228 lym,
253 2152 433 2226 pulsumanu,
453 2147 604 2205 tentamine
613 2152 702 2200 nostra
712 2145 859 2221 sonabunt,

120 2224 223 2302 llosque
235 2245 321 2285 novus
330 2225 428 2299 scripte
438 2223 555 2299 gemitus
565 2221 700 2278 imitabere
710 2231 823 2280 nostros.

121 2301 239 2377 Tempus
250 2311 276 2360 et
284 2301 352 2358 illud
363 2301 421 2367 erit,
441 2316 496 2372 quo
508 2315 536 2353 se
546 2297 706 2355 fortissimus
716 2300 795 2357 heres

121 2376 428 2443 addetinhunellorem,
449 2372 565 2447 lolioque
575 2375 675 2449 legetur
685 2377 786 2433 eodem.

121 2450 195 2507 Talia
204 2453 270 2508 dum
280 2471 342 2511 vero
351 2457 531 2506 memorentur
540 2452 671 2525 Apollinis
684 2471 738 2520 ore,

75 2534 106 2579 'tt
121 2541 180 2581 eeoe
189 2545 276 2595 eruor,
296 2527 345 2602 qui
354 2526 432 2583 fusus
444 2526 523 2582 humi
532 2523 682 2604 signaverat
691 2528 797 2591 herhas,

120 2600 220 2658 desinit
231 2620 385 2668 esseorum,
407 2603 541 2678 Tyrioque
550 2606 674 2661 nitentior
683 2611 754 2658 estro
