1874 2940
171 296 555 346 METAMORPHOSEON
572 299 642 344 LIB.
662 298 693 347 V.
760 294 805 347 lli

68 399 144 466 Quae
153 399 247 453 mirata
256 397 304 453 diu
313 395 586 469 laouspedisictibua
595 398 691 465 undas,

67 473 198 529 silvarum
209 471 472 543 lucosoiroumspicit
480 473 660 544 antiquarum,
825 486 864 529 255

67 556 207 619 antraque,
228 555 253 602 et
262 546 411 601 innumeris
420 546 558 602 distinctas
567 545 676 604 floribus
687 547 795 604 herbas:

67 622 211 694 felicesque
220 627 296 677 vocat
302 621 399 692 pariter
411 620 548 694 studiique
557 618 661 694 locique

68 694 268 752 Mnemonidas:
288 695 504 768 quamsicaffata
513 703 760 753 estunasororum:

68 771 103 837 O,
125 769 393 842 nisitevirtusopara
402 770 437 825 ad
446 771 546 827 maiora
557 769 671 837 tulisset,

67 847 98 901 in
108 851 210 917 partem
218 851 329 902 ventura
339 844 412 901 chori
423 845 540 902 Tritonia
549 847 642 910 nostri,
826 857 865 901 tto

66 938 132 976 vera
141 918 229 986 refers,
243 919 390 991 maritoque
397 919 493 991 probas
502 927 623 992 artesque
633 919 788 993 locumque:

66 1002 204 1069 etgratam
214 1001 326 1059 sortem,
345 1001 416 1048 tutae
426 994 505 1050 modo
514 996 609 1061 simus,
629 995 770 1050 hahemus.

66 1068 250 1142 Sed(vetitum
260 1075 300 1123 est
309 1066 373 1124 adeo
383 1067 474 1123 sceleri
484 1069 573 1144 nihil)
582 1069 672 1125 omnia
681 1077 778 1126 terrent

66 1144 204 1218 virgineas
213 1149 325 1206 mentes,
346 1143 475 1215 dirusque
484 1152 544 1199 anta
552 1161 598 1199 ora
606 1144 741 1218 Pyreneus

66 1220 193 1285 vertitur;
214 1225 239 1272 et
251 1216 372 1272 nondum
380 1224 484 1274 matota
493 1225 580 1273 mente
589 1219 684 1290 recepi.
827 1230 865 1272 275

67 1292 162 1348 Daulia
172 1292 293 1348 Threicio
302 1292 457 1364 Phoceaque
466 1292 550 1346 milite
559 1310 621 1348 rura

67 1375 172 1439 ceperat
181 1366 226 1422 ille
234 1366 317 1430 ferox,
338 1367 490 1438 iniustaque
498 1383 579 1438 regna
588 1366 700 1421 tenebat.

68 1441 179 1514 Templa
188 1442 344 1514 petebamus
353 1441 492 1495 Parnasia:
513 1440 697 1494 viditeuntes:

69 1525 212 1588 nostraque
220 1515 307 1571 fallaci
317 1522 457 1570 veneratus
466 1515 578 1570 numina
586 1513 674 1580 vultu,

68 1590 262 1657 Mnemonidas,
273 1590 407 1663 (cognorat
416 1588 509 1664 enim,)
517 1588 661 1656 consistite,
681 1587 758 1654 dixit,
826 1600 866 1642 too

69 1683 120 1722 nec
131 1666 257 1732 dubitate,
278 1681 379 1737 precor,
399 1672 465 1721 tecto
473 1682 554 1739 grava
564 1664 640 1721 sidus
652 1671 678 1719 et
686 1665 799 1720 imbrem

70 1740 166 1814 (imber
174 1739 249 1814 erat,)
258 1740 341 1796 vitare
351 1757 424 1796 meo:
444 1741 550 1796 subiere
559 1740 675 1796 minores

70 1832 149 1886 saepe
158 1832 233 1871 casas
242 1814 347 1887 Superi.
376 1815 457 1871 Dictis
467 1823 492 1871 et
502 1823 618 1887 tempore
626 1821 721 1879 motae,

70 1890 272 1963 annuimusque
282 1891 339 1946 viro
350 1891 504 1963 primasque
514 1890 674 1945 intravimus
684 1888 770 1944 aedes.

69 1964 207 2020 Desierant
215 1965 329 2030 imbres,
350 1967 471 2037 victoque
479 1962 658 2034 Aquilonibus
668 1962 773 2027 Austro,
827 1974 866 2016 285

70 2039 147 2094 fusca
157 2038 335 2114 repurgatolu
357 2039 442 2093 'abant
451 2036 544 2093 nubila
552 2036 632 2093 coelo.

71 2116 189 2187 Impetus
198 2115 237 2170 irc
245 2113 311 2170 fuit:
331 2112 429 2167 caudit
438 2130 487 2168 sua
497 2113 715 2186 tectaPyrcneus‚
747 2128 748 2133 ¹

70 2190 181 2261 vimque
190 2196 278 2262 parat:
298 2204 380 2259 quam
390 2204 439 2243 nos
448 2187 545 2243 sumtis
557 2187 700 2261 effugimus
712 2186 771 2242 alis.

71 2266 140 2336 lpse,
161 2271 285 2320 secuturo
293 2260 400 2328 similis,
420 2262 491 2317 stetit
500 2262 601 2317 arduus
610 2279 682 2316 arco:

71 2337 381 2411 Quaquaviaestvobis‚
402 2337 451 2392 erit
463 2337 574 2400 etmihi,
594 2336 671 2402 dixit,
691 2336 795 2401 eadem;
827 2344 866 2387 290

71 2432 154 2487 seque
163 2413 225 2470 iacit
234 2429 479 2467 vecorsesummae
489 2410 605 2466 culmine
615 2411 710 2465 turris:

71 2497 97 2544 et
107 2488 178 2545 cadit
187 2488 216 2543 in
225 2484 327 2551 vultus,
348 2487 531 2558 discussisque
540 2486 648 2540 ossibus
659 2485 712 2541 oris

71 2558 810 2632 tundithumummoriens,sceleratosanguinetinctam.

108 2639 185 2694 Musa
197 2634 362 2707 loquebatur.
392 2637 496 2690 Pennas
505 2651 617 2690 sonuere
626 2650 673 2704 per
686 2648 776 2686 auras:

72 2711 349 2784 voxqucsalutantum
360 2710 441 2766 ramis
451 2705 695 2765 veniebatabaltis.
827 2717 867 2758 aas

73 2785 199 2859 Suspicit,
220 2792 245 2843 at
255 2784 371 2863 linguae,
382 2783 509 2861 quaerit,
525 2790 587 2841 tam
594 2779 825 2848 conclamantes
