1874 2940
241 121 624 169 uuusuonuflosuou
644 125 715 171 LIB.
735 127 769 173 11.
836 122 868 174 l3

118 221 247 279 Alvossi
256 220 343 277 laesae
351 227 500 277 contemtus
508 222 594 295 tangit
604 222 738 291 alumnae,

118 297 227 372 gurgite
235 295 357 351 caeruleo
364 305 464 369 septem
475 296 611 368 prohibete
621 299 745 356 Triones:

119 372 263 445 sideraque
270 370 300 426 in
309 368 381 426 coelo
389 371 476 443 stupri
484 372 604 427 mercede
616 381 718 445 recepta

120 446 221 519 pellite,
241 461 276 501 na
282 462 353 517 puro
361 445 478 519 tingatur
488 446 516 500 in
531 464 644 519 aequore
653 447 750 518 pellex.
885 462 924 506 530

120 519 247 575 llimari
257 527 415 575 annuerant.
444 520 531 575 llabili
541 521 664 577 Saturnia
677 539 760 576 curru

120 594 273 671 ingreditur
281 593 416 666 liquidum
424 595 575 666 pavonibus
585 599 644 651 ae'ra
655 597 748 668 pictis:

121 678 177 726 tam
186 686 275 741 nuper
282 668 362 741 pictis
371 685 448 724 caeso
459 671 610 740 pavonibus
622 671 703 745 Argo,

120 761 205 819 quam
217 750 247 798 tu
257 760 345 816 nuper
354 760 421 808 eras,
442 761 528 815 quum
537 746 667 800 candidus
678 753 738 801 ante
747 745 854 813 fuisses,

120 836 200 877 oorva
210 816 320 891 loquax,
340 818 429 873 subito
439 819 574 892 nigrantes
584 838 679 875 vorsus
691 821 720 876 iu
730 820 796 876 alas.
886 833 924 876 535

121 895 192 951 llam
202 890 255 947 luit
264 891 329 947 hacc
338 892 474 965 quondam
484 892 570 949 niveis
579 904 702 968 argentea
711 898 807 967 pennis

122 968 188 1033 ales,
208 974 240 1022 ut
249 974 373 1039 aequaret
382 975 448 1021 totas
458 968 516 1022 sine
526 967 585 1023 labe
594 969 745 1025 columbas:

122 1060 172 1098 nec
181 1041 328 1097 servaturis
338 1041 414 1115 vigili
424 1041 552 1114 Capitolia
563 1061 626 1098 voce

121 1116 384 1183 oadoretanscribus,
406 1117 681 1172 necanrantitlumina
692 1136 785 1192 cyeno.

122 1192 231 1267 Lingua
240 1190 292 1246 fuit
300 1191 411 1246 damno:
433 1190 526 1264 lingua
537 1191 647 1245 iaciente
657 1190 771 1261 loquaci,
887 1199 925 1247 540

122 1268 172 1339 qui
182 1264 255 1322 color
264 1265 342 1320 albus
355 1274 418 1333 erat,
440 1283 512 1320 nuno
523 1273 562 1318 est
571 1265 720 1319 contrarius
729 1264 799 1320 albo.

66 1400 69 1405 ,
121 1340 284 1399 Puloriorin
293 1347 360 1407 tota,
381 1359 463 1413 quam
474 1341 610 1395 Larissaea
620 1339 740 1405 Coronis,

122 1434 179 1474 uon
187 1414 404 1471 luitllaemonia.
434 1415 537 1470 Placuit
546 1415 604 1481 tibi,
625 1414 759 1487 Delphice,
781 1422 858 1481 certa,

123 1490 244 1547 raldum
253 1498 324 1545 casta
335 1490 401 1556 luit,
421 1491 463 1547 vol
475 1491 653 1546 inobservata.
681 1490 796 1546 Sedales

123 1565 209 1621 sensit
220 1564 381 1621 adulterium
392 1566 554 1621 Phoebeius:
575 1574 659 1639 utque
669 1565 793 1622 latentem
888 1573 927 1620 545

122 1640 256 1715 delegaret
265 1639 371 1712 culpam
382 1659 436 1696 non
446 1640 588 1695 exorabilis
598 1641 688 1707 index,

66 1714 70 1723 '
123 1714 159 1771 ad
166 1714 309 1771 dominum
320 1715 443 1770 tendebat
456 1716 518 1772 iter:
539 1734 619 1789 quem
630 1714 738 1790 garrula
749 1716 828 1770 motis

123 1789 300 1861 consequitur
307 1790 414 1862 pennis,
435 1789 544 1844 scitatur
553 1800 583 1845 ut
592 1791 692 1855 omnia,
712 1790 820 1845 cornix:

123 1862 270 1936 auditaque
280 1863 338 1919 viae
346 1881 451 1930 caussa,
470 1864 530 1920 Non
542 1864 607 1920 utile
616 1865 712 1936 carpis,

124 1938 228 2026 iuquit,
249 1938 312 1993 iter:
334 1956 368 1994 no
377 1956 473 2010 sperne
482 1955 556 1993 meae
565 1940 701 2013 praesagia
712 1939 829 2012 linguae.
888 1950 927 1992 555

124 2012 197 2080 Qud
215 2012 327 2080 luerim,
357 2014 425 2087 quid
442 2015 563 2086 simque,
589 2013 663 2083 ride3
695 2014 875 2085 meritumque

660 2105 688 2142 re
708 2105 779 2144 urre:

123 2161 246 2218 invenies
257 2161 380 2217 nocuisse
390 2161 480 2217 fidem.
510 2163 579 2217 Nam
590 2106 707 2235 temporib
718 2161 835 2235 quodam

123 2234 213 2291 Pallas
222 2235 438 2301 Erichthonium,
454 2234 557 2308 prolem
567 2238 626 2292 sine
636 2244 719 2292 matre
728 2244 852 2300 creatam,

124 2311 256 2367 clauserat
265 2309 360 2366 Actaeo
371 2318 440 2366 texta
450 2311 483 2366 de
493 2312 594 2367 vimine
603 2311 683 2368 cista:

57 2380 60 2453 Ι
123 2384 335 2459 virginibusque
344 2386 445 2450 tribus,
466 2386 574 2459 gemino
584 2386 617 2440 dc
627 2386 741 2456 Cecrope
750 2384 829 2448 natis,
889 2396 928 2438 555

56 2456 60 2519 ,¹
125 2457 297 2588 kaervandam
307 2458 426 2529 dederat;
441 2460 532 2526 sedet,
548 2460 696 2515 inconfessa
706 2458 773 2529 quid
783 2455 872 2534 esech]

146 2549 198 2588 anc
207 2532 293 2665 lepem
302 2533 418 2599 dederat,
439 2552 488 2589 sua
499 2552 532 2588 ne
542 2544 639 2588 secreta
649 2534 778 2588 viderent.

48 2596 59 2639 ⁶
125 2605 223 2663 Abdita
243 2607 328 2667 ronda
340 2606 394 2670 leri
404 2608 492 2670 densa
499 2605 809 2688 specihabarahtho,
