1874 2940
123 117 174 175 itt
308 123 336 170 r.
357 121 486 171 ov1n11
503 123 669 171 naeours

122 222 293 297 defensatque
302 223 438 290 humerus,
457 230 645 296 praetentaque
653 225 773 283 sustinet
782 249 864 288 uma:

122 317 223 372 perque
232 317 320 355 armoe
330 317 385 355 una
394 299 448 356 due
455 306 559 370 pectora
568 297 682 370 perforat
695 299 764 356 ictu.

122 375 190 430 Ante
199 384 287 431 tamen
298 375 348 431 lete
357 374 461 430 dederat
471 372 646 447 Phlegraeon,
666 381 692 428 et
701 375 803 450 Hylen,

122 451 242 506 eminus:
263 450 428 521 lliphlnoum
437 447 530 503 eollate
539 449 630 514 Marte,
651 447 817 525 Claninque.

69 537 109 580 aaa
123 525 237 581 Additur
247 525 290 580 hie
302 522 426 609 Dorylae:
447 523 494 594 qui
505 530 622 594 tempera
632 530 698 578 tecta
707 529 819 598 gerebat

122 600 191 673 pelle
201 599 272 670 lupi,
292 614 419 668 eaevrque
427 597 512 651 vleem
521 599 681 669 praestantia
691 599 737 654 teli

123 691 223 731 eornua
232 673 298 727 dura
307 672 406 734 baum,
427 669 512 726 multo
520 671 654 727 rubefacta
665 690 772 732 eruere.

122 750 191 803 Huic
200 765 257 818 ego,
272 746 345 818 (nam
354 745 425 799 vires
434 744 542 800 animus
551 745 650 819 dabat)
659 747 788 821 Adspice,
802 755 864 821 dixi,

123 829 254 895 quantum
264 817 407 874 eoneedant
415 826 505 875 nestra
514 828 560 875 tue
568 838 667 876 eornua
677 822 761 882 ferro:

69 909 108 951 aee
122 904 147 951 et
157 892 275 949 iaculum
284 893 363 950 tersi:
384 893 457 967 qued
466 912 553 968 quum
562 895 645 952 vitare
655 900 789 971 nequiret,

121 969 245 1042 opposuit
253 969 373 1026 dextrum
381 988 509 1043 passurae
518 970 629 1029 vulnera
639 970 729 1029 fronti.

121 1044 330 1103 Alfixaesteum
339 1045 424 1104 lrunte
434 1065 544 1106 manua:
565 1047 712 1114 fitelumor,
733 1052 850 1111 utillum

121 1122 273 1179 haerentem
283 1122 386 1190 Peleus,
405 1131 431 1179 et
439 1124 532 1181 acerbe
541 1123 650 1180 vulnere
659 1124 761 1181 vietum

122 1198 217 1273 (stabat
225 1200 298 1255 enirn
308 1199 435 1273 propiar,)
443 1199 558 1257 mediam
567 1198 627 1254 ferit
632 1216 695 1254 ense
703 1201 756 1256 sub
762 1202 864 1262 alvum.

70 1285 109 1330 000
124 1275 248 1341 Prosiliit,
269 1284 390 1349 terraque
399 1274 472 1331 lerox
481 1293 530 1332 sua
540 1276 641 1330 vieeern
651 1274 742 1330 traxit:

123 1351 390 1422 tractaqueceleavit,
410 1350 561 1424 ealeataque
569 1351 651 1422 rupit,
672 1349 761 1406 etillis

122 1442 199 1479 crura
209 1442 317 1498 quoque
326 1425 456 1498 impediit,
477 1432 503 1481 et
512 1425 586 1482 inani
596 1425 711 1482 concidit
719 1425 789 1483 alvo.

121 1499 384 1571 Nectepugnantem
395 1507 450 1564 tua,
471 1499 590 1573 Cyllene,
611 1499 696 1556 forma
705 1501 828 1570 redemit,

122 1571 146 1625 ei
157 1571 237 1627 mode
244 1579 354 1628 naturae
362 1573 474 1631 termam
484 1573 655 1630 eenoedimus
665 1576 714 1631 illi.

69 1656 108 1701 005
121 1646 206 1702 Barba
211 1653 267 1702 eret
275 1647 418 1719 incipiens:
429 1646 527 1708 barbae
535 1647 605 1705 color
610 1666 721 1706 aureus:
733 1668 864 1725 aureaque

123 1738 156 1776 ex
165 1721 287 1777 humeris
295 1723 396 1780 medias
405 1739 480 1780 eamn
489 1722 652 1796 dependebat
661 1725 690 1780 in
700 1743 798 1782 armos.

123 1795 314 1852 Gratusinore
322 1798 414 1872 vigor:
433 1798 524 1857 cervix
532 1798 692 1867 humerique
702 1815 855 1870 manusque

121 1874 279 1938 pectoraque
286 1872 419 1928 artificum
428 1871 541 1926 laudatis
548 1871 670 1939 proxima
678 1869 774 1935 signis,

121 1945 146 1991 et
156 1955 211 2008 qua
219 1948 292 2008 perte
301 1943 404 1998 vireat:
425 1959 474 1998 nee
482 1942 545 2011 equi
554 1937 680 1993 mendosa
689 1936 741 1988 sub
751 1935 798 1988 illo

69 2020 107 2068 lto
121 2011 287 2083 deteriorque
295 2013 353 2069 viro
362 2014 451 2071 lneiea¹
481 2009 748 2078 Daeellacaputque3

122 2086 227 2144 Castore
236 2085 335 2160 dignus
343 2087 403 2143 erit.
431 2085 475 2140 Sic
482 2093 585 2154 tergum
595 2080 697 2147 sessile,
712 2083 752 2139 sie
761 2095 825 2144 sunt

121 2161 302 2238 penteraeelsa
311 2163 389 2218 turia:
410 2167 479 2217 tetus
488 2156 547 2227 piee
556 2154 656 2230 nigrior
665 2165 731 2216 atra.

123 2237 241 2298 Candida
254 2237 339 2294 cauda
352 2245 453 2293 tamen:
474 2229 545 2293 eeler
563 2240 603 2290 est
614 2251 724 2368 pueque
738 2240 863 2300 cruribus

598 2329 613 2368 a
642 2330 686 2370 us.

122 2390 221 2449 Multae
230 2388 308 2446 illum
315 2386 412 2461 petiere
420 2402 470 2444 sua
478 2384 510 2442 de
519 2396 610 2462 geule;
632 2386 743 2446 seduna

69 2473 108 2521 lae
122 2466 232 2523 abstulit
240 2464 399 2542 Hylonome:
421 2480 475 2537 qua
484 2463 558 2521 nulla
567 2466 700 2523 decentior
709 2466 776 2522 inter

123 2542 260 2599 semiferas
269 2541 330 2598 altis
339 2540 469 2598 habitavit
478 2539 576 2599 femina
585 2542 672 2599 silvis.

109 2617 186 2676 Haec
194 2625 223 2676 et
229 2616 381 2689 blanditiis,
402 2625 429 2677 et
439 2618 565 2686 amande,
581 2626 608 2674 et
615 2633 704 2673 amare
712 2615 816 2672 fatendo

94 2872 239 2908 A
