1874 2940
159 157 536 203 METAMORPHOSEON
553 160 626 205 uns.
646 163 692 208 XI.
748 157 799 211 267

56 256 187 331 fragmina
197 256 297 329 navigii
308 255 394 328 Ceyx:
415 273 589 329 socerumque
597 268 753 334 patremque

57 334 170 398 invocat,
191 331 254 396 heu,
274 329 382 385 frustra.
412 330 779 403 Sedplurimanantisinere

56 407 188 481 Halcyone
197 405 306 461 coniux.
335 404 411 460 Illam
421 407 596 480 meminitque
605 406 749 481 misitque:

56 483 129 537 illius
140 487 200 535 ante
208 479 298 536 oeulos
307 487 340 535 ut
347 488 426 554 agant
435 498 484 537 sua
493 498 601 553 corpora
611 479 716 548 fluctus,

56 563 141 628 optat,
161 562 187 610 et
196 555 327 610 exanimis
336 556 464 610 manibus
473 555 618 612 tumuletur
627 557 731 612 amicis.
813 572 852 615 555

56 635 126 686 Dum
136 637 218 696 natat,
236 631 382 696 absentem,
393 632 497 702 quoties
506 632 571 687 sinit
579 632 681 687 hiscere
690 631 796 699 fluetus,

57 704 345 780 nominatHaioyonem
366 706 487 779 ipsisque
495 707 685 764 immurmurat
694 708 784 764 undis.

55 784 123 837 Ecee
132 797 212 852 super
220 781 320 838 medios
329 780 425 837 fluetus
435 783 511 858 niger
519 800 597 839 arcus
608 799 740 856 aquarum

56 855 201 930 frangitur:
222 863 333 928 etrupta
343 873 462 912 mersum
471 860 739 930 caputobruitunda.
870 901 872 906 -

56 929 162 987 Lucifer
170 931 309 996 obscuris,
331 948 379 986 nec
388 948 470 1002 quem
478 950 636 1007 cognoscere
644 953 746 1007 posses,
813 946 852 990 utu

57 1004 261 1061 illanoetefuit:
281 1004 464 1076 quoniamque
472 1009 596 1062 excedere
605 1009 677 1066 enelo

57 1098 110 1136 non
120 1079 209 1146 licuit,
229 1079 320 1134 densis
329 1079 394 1133 texit
403 1096 453 1133 sua
462 1081 581 1136 nubibus
590 1100 646 1138 ora.
703 1088 704 1091 ’

92 1153 180 1211 Aeolis
190 1155 288 1210 interea
298 1161 429 1209 tantorum
442 1154 534 1228 ignara
544 1156 676 1212 malorum

56 1229 207 1285 dinumerat
216 1236 317 1285 noctem
338 1229 435 1295 etiam,
456 1246 524 1301 quas
535 1229 692 1296 indumine,

56 1303 269 1360 festinatvestes:
290 1303 344 1358 iam
352 1320 433 1376 quas.
453 1304 501 1359 ubi
511 1305 613 1360 venerit
625 1304 679 1371 ille,
812 1320 851 1362 515

56 1380 114 1450 ipsa
123 1385 211 1454 gerat:
231 1378 384 1450 reditusque
393 1378 446 1433 sibi
455 1379 585 1450 promittit
594 1381 696 1436 inanes.

56 1454 190 1510 Omnibus
199 1453 245 1510 illa
254 1453 365 1526 quidem
373 1452 482 1524 Superis
490 1456 535 1525 pia
546 1463 605 1510 tum
614 1455 726 1525 ferebat;

56 1536 116 1585 ante
125 1529 451 1585 tamencunetoslunonis
461 1529 558 1602 templa
569 1529 683 1587 nolebat:
705 1550 708 1559 ¹

55 1621 157 1678 proque
166 1605 234 1671 viro,
254 1603 478 1678 quinulluserat,
498 1605 744 1662 veniebatadaras:

55 1687 140 1753 utque
148 1678 213 1737 foret
223 1697 315 1752 sospes
323 1682 422 1736 coniux
431 1699 508 1746 suus,
528 1689 612 1752 utque
622 1681 726 1747 rediret,
812 1691 851 1736 580

30 1826 33 1831 .
55 1755 174 1826 optabat3
195 1753 352 1828 nullamque
361 1755 413 1809 sibi
421 1754 571 1826 praeferret.
601 1753 636 1810 At
647 1755 687 1810 illi

56 1829 107 1886 hoe
117 1830 151 1885 de
159 1829 273 1886 totvotis
281 1836 382 1901 poterat
391 1830 543 1904 contingere
552 1829 649 1886 solum.

92 1904 127 1961 At
136 1905 184 1962 dea
194 1923 248 1966 non
258 1905 326 1961 ultra
335 1922 384 1977 pro
393 1903 483 1960 functe
492 1913 575 1961 morte
584 1909 670 1980 rogari

55 1981 181 2037 sustinet:
202 1989 286 2054 utque
295 1999 391 2038 manus
400 1978 518 2036 funestas
528 1990 613 2037 arceat
621 1983 689 2053 aris3

14 2097 16 2102 .
55 2056 100 2120 Iri,
121 2073 203 2122 meae,
223 2057 301 2123 dixit,
322 2055 450 2112 fidissima
461 2060 555 2112 nuntia
564 2059 646 2123 vocis,
813 2070 851 2112 585

55 2129 113 2184 vise
121 2129 291 2201 soporiferam
300 2131 392 2188 Somni
402 2131 525 2188 velociter
534 2133 637 2187 aulam:

55 2202 232 2276 exstinctique
240 2206 303 2260 iube
312 2207 405 2280 Ceycis
417 2207 535 2280 imagine
543 2208 630 2262 mittat

56 2276 159 2333 somnia
169 2277 202 2333 ad
211 2277 373 2352 Haleyemn,
392 2299 469 2337 veros
478 2282 611 2336 narrantia
619 2294 707 2334 casus.

55 2354 170 2407 Dixerat.
200 2352 324 2408 Induitur
332 2353 463 2411 velamina
474 2356 547 2410 mille
556 2355 675 2410 uolonum

56 2428 115 2493 Iris,
135 2433 161 2481 et
170 2434 281 2498 arquete
288 2427 393 2483 eoelum
400 2431 555 2486 curvamine
564 2431 676 2502 signans
812 2437 851 2481 511

56 2509 122 2557 tecta
130 2501 196 2574 petit
204 2501 273 2556 iussi
285 2501 336 2557 suh
347 2520 413 2574 rupe
423 2503 528 2559 latentia
538 2504 618 2576 regis.

91 2577 140 2632 Est
148 2594 230 2650 prope
240 2575 397 2633 Cimmerios
407 2577 486 2652 longe
496 2576 621 2650 spelunca
632 2591 746 2639 recessu,

57 2670 239 2721 monscavus,
260 2650 778 2728 ignavidumusetnanetietiamnum*=
