1874 2940
166 145 199 198 28
349 148 377 193 P.
398 145 525 193 0v1n11
542 145 710 192 NASONIS

165 247 298 303 Poenituit
306 247 408 301 iurasse
418 253 529 317 patrem,
550 245 598 317 qui
609 252 701 316 terque
710 253 857 317 quaterque

113 335 137 375 oo
165 322 319 377 concutiens
331 320 536 392 illustrecaput,
557 320 719 386 Temeraria,
740 320 817 384 dixit,

167 413 219 450 vox
227 413 286 450 mea
296 394 362 450 lacta
372 402 417 450 tua
429 401 479 449 ast.
508 394 615 449 Utinam
627 395 759 464 promissa
769 393 857 448 lioeret

166 470 300 524 nondare!
315 469 454 532 Confiteor,
466 467 554 523 solum
564 468 615 523 hoc
625 469 683 533 tibi,
694 475 763 533 uate,
776 484 911 541 negarem.

166 542 323 598 Dissuadere
332 542 402 599 licet.
432 543 492 598 Non
506 549 546 596 est
558 550 603 596 tua
614 549 670 596 tuta
682 540 817 598 voluntas.

166 618 262 690 Magna
271 618 350 688 petis,
370 616 516 680 Phaethon,
536 623 640 687 etquae
650 634 698 670 nec
711 616 815 672 viribus
826 617 885 671 istis

114 703 139 743 55
167 708 279 745 munera
288 691 465 755 conveniunt,
488 706 536 744 nec
550 697 604 744 tam
613 690 765 761 puerilibus
775 691 863 745 annis.

167 765 229 820 Sors
238 771 284 819 tua
293 763 426 820 mortalis:
447 781 501 819 non
511 771 551 817 est
560 763 679 829 mortale,
702 764 775 835 quod
787 773 872 836 optas.

165 837 230 893 Plus
240 838 334 902 etiam,
355 854 437 910 quam
447 837 521 908 quod
532 837 641 908 Superis
650 840 802 912 contingere
814 837 909 907 possit.

167 912 274 968 nescius
285 911 399 966 affectas.
429 911 532 967 Placeat
540 911 593 966 sibi
602 913 720 985 quisque
733 912 835 980 licebit;

168 1004 222 1042 non
232 993 321 1041 tamen
330 985 443 1060 ignifero
453 985 598 1057 quisquam
611 987 754 1043 consistere
764 987 792 1041 in
802 1004 852 1041 axa

113 1073 139 1115 oo
168 1078 211 1116 me
220 1059 290 1117 valet
299 1067 416 1131 excepto.
448 1060 521 1115 Vasti
531 1077 639 1132 quoque
648 1069 731 1116 rector
740 1060 859 1134 Olympi,

167 1135 215 1208 qui
224 1133 278 1190 iera
287 1134 397 1190 terribili
408 1132 538 1190 iaculatur
547 1133 661 1190 fulmina
669 1135 770 1201 dextra,

167 1228 220 1266 non
230 1217 289 1284 aget
301 1209 350 1266 hos
359 1227 470 1266 currus:
491 1217 516 1265 et
525 1210 592 1281 quid
601 1212 662 1265 love
672 1209 760 1263 maius
771 1208 901 1263 habetur?

165 1285 256 1341 Ardua
264 1285 351 1357 prima
361 1285 405 1342 via
415 1293 468 1352 est,
489 1292 514 1340 et
523 1302 577 1357 qua
587 1285 634 1341 vix
643 1301 721 1339 mane
731 1289 847 1338 recentes

165 1360 303 1415 enituntur
311 1360 388 1432 oqui:
410 1361 497 1415 medio
506 1368 546 1414 est
555 1359 685 1413 altissima
694 1358 779 1427 coelo;

113 1443 138 1483 os
165 1432 238 1486 unde
247 1440 354 1487 marcet
363 1441 446 1487 terras
456 1433 508 1502 ipsi
518 1434 585 1486 mihi
595 1449 673 1502 saepe
682 1432 772 1487 videre

167 1504 197 1557 fit
205 1505 294 1568 timor,
314 1505 826 1574 etpavidatrepidatiormidinepectus.

167 1575 265 1629 Ultima
275 1592 359 1646 prona
369 1576 413 1631 via
425 1584 479 1640 est,
499 1583 525 1630 et
533 1585 592 1648 eget
602 1577 782 1631 moderamine
793 1584 872 1631 certo.

167 1650 340 1714 Tannetum,
360 1665 430 1720 quae
439 1666 482 1704 me
490 1648 618 1703 subiectis
627 1649 725 1720 excipit
734 1649 825 1714 undis,

167 1741 201 1778 ne
211 1722 279 1778 lerar
288 1723 317 1778 in
326 1740 466 1795 praeceps,
487 1723 586 1796 Tethys
596 1722 662 1778 solet
671 1723 730 1793 ipsa
741 1724 836 1778 vereri.

112 1808 139 1850 to
166 1797 251 1865 Adde,
272 1798 344 1871 quod
354 1798 461 1854 assidua
473 1798 575 1869 rapitur
584 1797 713 1870 vertigine
723 1795 835 1864 coelum,

166 1871 306 1944 sideraque
316 1873 368 1928 alta
376 1873 470 1941 trahit,
490 1871 622 1945 celerique
632 1870 769 1928 volumine
778 1879 892 1942 torquet.

166 1947 241 2001 Nitor
251 1947 280 2003 in
290 1947 447 2004 adversum:
469 1964 518 2002 neo
527 1964 579 2012 me,
600 1947 648 2020 qui
661 1955 771 2010 caetera,
792 1945 876 2000 vincit

168 2021 298 2091 impetus;
319 2022 449 2092 etcapido
458 2022 606 2077 contrarius
616 2019 714 2076 evehor
722 2020 791 2075 orbi.

166 2095 251 2168 Finge
260 2094 334 2150 datos
343 2112 453 2151 currus:
474 2096 542 2167 quid
550 2094 633 2169 ages?
659 2094 795 2149 Poterisne
804 2093 894 2149 rotatis

113 2179 138 2221 75
166 2169 263 2224 obvius
274 2169 405 2241 impolis,
426 2188 459 2224 ne
469 2169 571 2225 tacitus
581 2169 682 2224 auferat
693 2166 771 2224 axis?

166 2243 287 2299 Forsitan
296 2250 322 2297 et
332 2242 406 2299 lucos
417 2243 472 2298 illic
481 2243 615 2316 urbesque
624 2244 746 2308 deorum,

166 2317 300 2390 concipias
311 2318 417 2383 animo,
437 2317 602 2389 delubraque
610 2317 676 2372 ditia
686 2316 764 2372 donis

144 2399 145 2403 ’
166 2408 234 2448 esse.
264 2393 313 2446 Per
322 2392 434 2447 insidias
445 2393 494 2447 iter
503 2400 556 2461 est,
577 2391 729 2463 formasque
738 2390 865 2446 ferarum.

166 2465 254 2537 thue
264 2467 336 2521 viam
347 2474 444 2532 teneas,
466 2466 594 2539 nulloque
603 2484 689 2523 errore
699 2466 827 2536 traharis3

114 2549 139 2592 tt
165 2556 214 2609 per
224 2546 312 2597 tamen
322 2540 426 2596 adversi
436 2540 565 2614 gradieris
575 2559 675 2597 cornua
684 2540 776 2605 Tauri,

151 2613 378 2688 Haemoniosque
387 2633 476 2686 arcus
497 2615 661 2692 violentique
669 2633 715 2674 ora
728 2614 835 2681 Leonis,

159 2864 297 2900 *-
