1874 2940
119 131 170 187 25d
308 135 338 184 P.
360 133 486 182 0v1n11
503 133 671 184 unaoms

119 238 177 292 Rex
186 236 275 293 iussae
284 235 402 293 succedit
410 254 505 310 aquae.
533 237 582 292 Vis
592 252 671 292 norea
680 235 761 292 tinxit

119 310 234 369 flumen:
254 320 281 369 et
291 313 450 369 bumauode
459 329 567 384 corpore
576 311 655 367 cessit
663 310 691 366 in
702 328 824 371 amnem.

120 387 199 443 Nunc
208 405 316 461 quoque
325 389 378 445 iam
390 389 486 444 veteris
496 395 617 459 peroepto
626 386 728 440 semine
736 404 824 446 venae

66 470 106 518 115
120 480 184 519 aava
193 464 289 539 rigent,
310 481 375 520 auro
385 462 499 517 madidis
509 461 633 533 pallentia
643 459 740 534 glebis.

158 538 214 605 llle,
235 556 347 611 perosus
357 553 429 608 opea,
450 534 759 603 ailvaaetruraoolebal,

121 615 247 687 Panaque
256 611 390 668 montanis
398 610 561 665 habitantem
572 627 677 682 semper
686 610 713 664 in
724 613 821 670 antris.

121 690 224 762 Pingue
233 687 280 743 aed
292 685 431 758 ingenium
441 685 555 740 mansit:
568 685 750 757 nocituraque,
758 695 868 758 utente,

121 780 216 817 rursus
225 768 299 816 eraut
307 759 416 814 domino
425 758 534 815 stolidae
542 759 693 832 praecondia
702 763 812 819 mentis.

68 849 108 892 151
122 838 200 899 Nam,
221 833 286 888 freta
294 833 469 905 prospiciens,
491 834 618 909 laterigel
629 834 729 891 arduus
739 835 794 893 alto

123 908 232 964 Tmolus
244 908 272 962 iu
283 907 428 965 adscensu:
449 909 572 982 clivoque
582 916 703 965 extentus
713 918 840 984 utroque,

122 982 252 1039 Sardibus
260 983 338 1052 hinc,
359 984 435 1042 illinc
443 986 534 1058 pervia
545 986 638 1042 finitur
646 987 790 1061 Hypaepis.

121 1060 177 1116 Pan
187 1058 236 1129 ibi,
247 1059 313 1118 dum
322 1062 418 1118 teucria
428 1062 507 1119 iactat
516 1080 564 1118 aua
576 1061 694 1121 carmina
703 1062 853 1136 Nympbin

122 1143 148 1192 et
157 1134 215 1192 leve
223 1144 308 1194 cerata
317 1137 470 1195 modulatur
478 1138 610 1195 arundine
619 1153 735 1202 carmen,

69 1223 108 1267 155
123 1229 206 1268 ausus
215 1212 369 1287 Apollineos
377 1232 479 1288 praese
490 1222 658 1273 contemnem
665 1221 768 1278 mutua,
855 1241 859 1247 ·

124 1289 211 1345 iudice
221 1291 272 1346 sub
282 1291 374 1348 Tmolo
384 1298 515 1348 certanm
525 1290 640 1348 venited
649 1291 746 1362 impar.

123 1365 212 1421 Monte
221 1384 272 1423 suo
280 1367 369 1423 senior
378 1366 459 1423 iudex
467 1366 601 1432 coneedit,
622 1374 734 1422 eteurea

124 1439 219 1493 liberat
227 1440 377 1497 arboribus.
408 1440 513 1507 Quencu
523 1458 599 1497 coma
607 1439 713 1496 caerula
721 1446 826 1494 tantum

124 1513 254 1584 cingnum
275 1515 610 1584 etpendantcircumcava
619 1512 869 1586 temporaglandea.

70 1598 110 1642 151
124 1587 204 1657 laque
213 1585 293 1642 deum
304 1589 405 1658 mcoria
414 1590 546 1660 spectans,
567 1590 598 1642 lu
609 1588 706 1654 iudice,
726 1588 804 1651 dixit,

126 1657 200 1715 nulla
210 1669 341 1717 moreest.
370 1662 486 1719 Calamis
496 1661 647 1737 agrestibus
656 1662 762 1718 insonat
771 1661 830 1718 ille:

125 1734 317 1809 barbaricoque
325 1737 415 1794 Midan
425 1737 524 1812 (aderat
535 1752 598 1792 nam
608 1734 673 1791 forte
681 1736 796 1808 canenti)

124 1809 359 1868 carminedelenit.
389 1809 783 1868 Posthunoaaoeroraretersil

125 1881 235 1942 Tmolus
245 1885 278 1941 ad
287 1903 317 1940 os
326 1886 439 1942 Phoebi:
460 1884 567 1941 calnam
576 1899 625 1937 aina
635 1881 703 1936 silva
714 1886 804 1933 aeeuta
818 1895 870 1942 est.

71 1970 111 2015 115
125 1955 171 2013 llle
180 1955 366 2027 caputssavum
376 1958 451 2014 lauro
462 1955 605 2013 Parnaside
613 1955 720 2009 vinonio
784 2011 786 2015 ,
833 2011 835 2015 ,

124 2031 206 2088 verrit
216 2030 331 2086 humum
340 2032 420 2106 Tyrio
429 2038 544 2086 eiurata
554 2027 655 2083 murice
664 2024 749 2096 pallo:

126 2108 331 2179 distinctumque
339 2105 426 2181 lyram
434 2105 552 2181 &nimie
559 2109 586 2157 et
594 2100 719 2156 dentibus
730 2097 803 2155 Indis

126 2184 263 2242 ausdneta
274 2181 363 2239 laeva:
382 2181 468 2238 tenuit
477 2194 574 2235 manua
584 2175 664 2232 altera
673 2176 813 2250 plectrum.

126 2260 243 2317 Artificis
253 2265 337 2315 statua
347 2259 405 2331 ipse
414 2256 475 2312 fuit.
505 2256 574 2310 Tum
584 2253 783 2312 staminadocto

72 2348 112 2393 111
126 2335 222 2408 pollice
230 2334 364 2393 sollicitat:
381 2348 502 2406 >quaerum
511 2329 652 2387 dulcedine
661 2339 753 2404 eaptus

127 2412 199 2466 Pana
208 2412 283 2469 iubet
291 2407 524 2468 Tmoluacitberae
532 2408 805 2465 submitterecaunae.

126 2485 261 2543 Iudicium
270 2481 502 2559 amotiquepleoet
510 2485 746 2542 seutentiamontis

121 2560 263 2618 omnibus.
293 2562 423 2639 Arguitur
432 2566 520 2618 tamen
529 2561 717 2635 atqueiniusta
727 2564 835 2616 vocatur

24 2667 26 2670 ⁴
105 2636 445 2703 consumendae.
475 2637 718 2702 Necboliuaauaea
