1874 2940
159 139 538 185 METAMORPHOSEON
557 140 629 183 LIB.
650 139 717 184 XIV.
762 131 812 183 337

67 239 250 326 nequidquam
260 239 331 301 Pico,
353 236 480 307 nullaque
491 236 517 289 in
529 243 602 305 parte
611 244 721 305 reperto,

67 315 209 370 inveniunt
219 313 326 378 Circen,
349 328 410 365 nam
422 312 473 365 iam
486 318 637 363 tenuaverat
647 327 734 376 auras,

66 405 199 462 passaque
207 395 262 441 erat
272 385 382 441 nebulas
392 386 478 439 ventis
489 401 520 439 00
529 382 584 437 soie
593 382 703 448 resolvi,
828 392 867 439 tun

67 462 281 532 criminibusque
289 469 414 531 premunt
424 477 493 513 vens
495 474 652 529 regemque
660 465 811 526 reposcunt

68 537 179 607 vimque
189 535 290 601 serunt;
311 535 451 605 saevisque
463 541 557 604 parant
571 532 699 586 incessere
710 531 779 586 telis.

69 610 115 665 1110
127 627 223 665 nocens
235 608 335 681 spargit
347 609 430 670 virus,
451 624 598 677 succosque
608 606 716 661 veneni:

69 692 94 740 et
102 686 210 740 Noctem
220 684 364 755 Noctisque
373 682 435 738 dens
445 683 584 752 Ereboque
594 681 719 752 Chaoque

69 767 203 823 convocat,
223 768 249 813 et
260 758 346 831 longis
357 759 467 812 Hecaten
480 757 628 812 ululatibus
638 763 704 811 orat.
828 761 867 808 005

69 833 209 888 Exsiluere
220 833 285 899 loen,
308 833 380 887 dictu
392 832 526 894 mirabile,
546 832 644 887 silvae:

70 909 255 979 ingemuitque
266 906 369 969 sotum,
390 908 532 975 vicinaque
543 906 637 976 palluit
646 906 737 974 arbor3

70 980 756 1063 sparsaquesanguineisrubnernntpabutaguttis3

70 1062 95 1108 et
106 1052 240 1123 lapides
214 1055 265 1106 visi
278 1052 397 1124 mugitus
405 1052 481 1105 edere
491 1069 599 1117 reticos·

70 1134 95 1182 et
105 1126 198 1180 latrare
208 1143 301 1188 canes
321 1134 347 1179 et
357 1127 456 1180 humus
466 1126 636 1194 serpentinus
646 1126 709 1179 atns
831 1133 870 1180 010

71 1200 202 1272 squalere,
221 1208 247 1253 et
256 1207 348 1252 tenues
359 1202 463 1253 animae
473 1199 583 1254 volitare
592 1199 729 1253 silentum.

71 1275 218 1332 Attonitum
229 1273 356 1327 monstris
366 1273 466 1345 vulgus
476 1283 563 1344 pavet.
595 1273 642 1327 {iia
652 1278 796 1343 paventum

71 1368 116 1407 000
126 1356 252 1404 venenata
266 1349 350 1420 tetigit
363 1349 486 1403 mirantia
498 1349 589 1420 virga:

72 1426 149 1480 cuius
159 1424 193 1478 ab
202 1431 299 1476 attactu
310 1424 444 1478 variarum
456 1432 572 1478 monstra
585 1421 699 1476 terarum

72 1501 101 1555 iu
113 1499 222 1552 iuvenes
232 1498 358 1554 veniunt:
381 1498 506 1553 nuliisua
517 1500 617 1552 mansit
627 1499 724 1568 imago.
831 1499 871 1547 415

71 1575 204 1629 Presserat
213 1572 340 1627 occiduus
351 1575 481 1628 Tartessia
496 1573 579 1628 littora
593 1572 728 1627 Phoebus:

75 1657 101 1702 et
110 1647 207 1701 frustra
217 1647 317 1702 coniux
327 1649 411 1704 0000100
422 1649 565 1719 animoque
574 1646 698 1702 Canentis

73 1729 239 1793 exspectatus
249 1729 313 1776 erat.
343 1722 448 1776 Famuti
460 1723 629 1794 populusque
640 1738 685 1790 per
696 1734 788 1774 omnes

73 1797 229 1851 discurrunt
238 1796 335 1861 silvas;
356 1805 435 1868 atque
445 1798 521 1851 obvia
535 1796 635 1849 lumina
648 1801 760 1864 portant.

73 1873 127 1926 Nee
136 1871 200 1927 satis
210 1880 250 1926 est
259 1872 409 1945 Nymphae,
431 1870 491 1926 ssare
500 1880 525 1926 et
536 1870 646 1924 lacerare
655 1868 765 1940 capillos
833 1873 873 1921 tto

74 1945 351 2022 etdarepiangorem3
372 1947 434 2002 10000
444 1947 507 2001 haec
516 1954 603 2000 tamen
613 1946 717 2000 omnia:
738 1959 820 2015 seque

74 2024 200 2094 proripit,
222 2041 252 2078 00
262 2023 350 2079 Latios
360 2032 429 2078 errat
438 2039 534 2076 vesana
547 2039 592 2092 per
604 2038 692 2092 agros.

76 2097 127 2150 Sex
138 2097 210 2151 iliam
221 2107 320 2163 nostes,
343 2099 449 2154 totidem
460 2097 595 2151 redeuntia
607 2095 675 2148 Solis

76 2170 179 2223 lumina
190 2171 323 2234 viderunt,
346 2175 451 2242 inopem
464 2172 605 2240 somnique
614 2169 731 2235 cibique,

76 2243 205 2314 peningo,
227 2243 376 2311 parvalies,
397 2244 645 2315 quatorsducehat,
666 2243 782 2295 euntem
834 2242 874 2287 425

76 2315 193 2371 Ultimus
204 2315 326 2385 adspexit
337 2316 432 2371 fessam
445 2318 571 2387 luctuque
584 2315 681 2381 viaque

78 2387 176 2451 Tibris,
195 2396 221 2441 et
231 2389 258 2441 in
268 2389 356 2473 gelida
366 2401 505 2459 ponentem
516 2404 620 2457 corpora
634 2386 701 2454 ripa.

78 2464 135 2521 11100
145 2479 207 2515 cum
223 2461 356 2515 lacrimis
350 2481 421 2534 ipsos
432 2464 564 2518 modulata
574 2459 686 2520 dotores,

78 2538 157 2596 verba
169 2553 235 2590 sono
245 2537 316 2589 temti
329 2554 449 2591 moerens
461 2538 594 2593 tundebat
617 2543 646 2585 nt
655 2532 719 2585 olim

78 2613 196 2672 earmina
207 2611 259 2666 iam
274 2612 389 2667 moriens
399 2607 711 2681 canitexsequiatiaeqq,
706 2620 773 2655 nus
839 2606 885 2647 *00

111 2695 185 2751 000.
205 2697 234 2754 r.
251 2697 287 2754 n.
717 2681 747 2730 t
