1874 2940
137 119 186 174 ΗΞ
326 121 355 167 1’.
375 119 504 167 ovlnn
521 118 691 165 NASONIS

135 224 269 294 verbaque
279 219 415 294 quaerenti
426 219 490 275 satis
500 217 666 292 indignantia
677 216 786 292 linguae

83 311 121 354 505
135 297 291 353 defuerunt:
312 312 361 351 neo
370 294 431 350 llere
439 301 528 360 vacca
549 291 700 363 eediasque
710 293 841 368 nefasque

137 371 280 429 confusura
290 370 353 436 ruit,
374 385 528 443 poenaeque
538 367 565 422 in
575 366 693 440 imagine
704 375 757 423 tnta
765 378 817 426 est.

174 447 291 518 Tempus
301 453 369 511 crat,
390 462 446 517 quo
460 440 779 499 saerasolentTrieterica
788 446 888 504 Baeohi

136 521 272 577 Sithoniae
281 520 412 575 celebrare
421 536 517 574 nurus.
543 518 602 572 Nox
611 516 717 571 conscia
730 520 830 578 sacris:

137 605 213 652 nocte
221 604 298 653 sonat
306 593 432 665 Rhodope
442 592 584 648 tinnitibus
593 590 661 645 aeris
670 591 774 664 nauliz,

84 682 122 726 500
138 679 212 727 noete
224 688 273 726 aua
283 677 437 741 estegressa
447 666 525 722 domo
535 666 640 740 regina:
661 664 760 738 deique

138 746 234 800 ritibus
243 743 400 809 instruitur;
422 739 581 811 furialiaque
590 740 685 812 occipit
694 757 779 798 arma.

137 819 197 875 Vite
205 823 285 889 caput
294 816 405 888 tegitur:
426 813 500 868 lateri
509 815 616 870 cervina
625 815 735 871 sinistro

137 890 234 947 vellera
246 889 409 961 dependent:
429 887 543 943 humero
553 887 620 944 levis
631 890 739 945 incubat
748 890 837 950 hasta.

137 966 245 1022 Concita
255 982 303 1036 per
312 963 409 1029 silvas,
429 963 791 1033 turbaoomitantesuarum,

84 1053 122 1097 505
138 1039 263 1096 terribilis
272 1040 385 1104 Procne,
405 1037 536 1109 furiisque
546 1038 760 1112 agitatadoloris,

137 1115 250 1182 Bacche,
270 1121 330 1172 tuas
345 1112 465 1172 simulat.
484 1112 564 1171 Venit
582 1112 738 1241 addetabuia
750 1115 811 1172 avia
826 1125 887 1174 tan-

634 1204 692 1242 em:

136 1266 319 1340 exululatque,
340 1265 561 1339 Eunequesonat‚
580 1269 724 1334 portasque
732 1260 865 1338 refringit,

136 1359 346 1416 germanamque
355 1342 437 1414 rapit:
458 1347 601 1411 raptaeque
611 1336 728 1410 insignia
737 1337 835 1393 Bacchi

137 1416 238 1471 induit:
259 1425 285 1470 et
294 1415 387 1472 vultus
396 1416 554 1471 hederarum
564 1411 704 1468 frondibus
714 1411 803 1468 abdit:

84 1504 122 1546 500
138 1491 328 1560 attonitamque
338 1490 445 1545 trahens
455 1490 524 1545 intra
534 1505 583 1543 sua
593 1485 686 1542 limina
695 1486 780 1541 ducit.

137 1564 172 1618 Ut
180 1564 264 1616 sensit
277 1562 395 1635 tetigisse
403 1562 515 1618 domum
525 1561 670 1618 Philomela
679 1559 832 1628 uelandam,

138 1637 242 1692 horruit
251 1635 358 1704 infelix3
378 1643 485 1708 totoque
494 1635 623 1706 expalluit
632 1654 686 1693 nro.

137 1713 218 1766 Nacta
232 1709 320 1765 locum
332 1711 445 1776 Procne,
466 1727 600 1766 sacrorum
611 1713 722 1785 pignora
734 1709 828 1779 demit,

138 1802 237 1857 oraque
246 1784 349 1840 develat
358 1787 469 1840 miserae
478 1785 636 1858 pudibunda
645 1785 758 1853 sororis;

85 1874 123 1916 505
138 1858 345 1930 amplexumque
354 1860 428 1930 petit.
457 1860 508 1916 Sed
518 1879 571 1916 non
582 1860 699 1917 attollere
707 1866 797 1915 contra

138 1933 252 1989 sustinet
261 1934 325 1988 haec
334 1932 434 1999 oculos,
457 1934 544 2006 pellex
553 1936 605 1990 sibi
614 1935 673 1992 visa
682 1934 794 1990 sororis:

137 2008 290 2078 deiectoque
300 2009 328 2062 in
338 2007 454 2065 humum
463 2009 550 2075 vultu,
572 2008 777 2074 iurarevolenti,

137 2081 281 2153 testarique
290 2081 362 2148 deos,
384 2100 432 2155 per
443 2083 498 2140 vim
508 2084 560 2139 sibi
570 2084 684 2139 dedecus
694 2082 762 2139 illud

138 2157 252 2222 illatum,
273 2174 394 2229 provoee
403 2157 570 2214 manusiuit.
598 2159 688 2225 Ardet,
708 2159 809 2214 etiram

84 2245 123 2288 510
138 2251 192 2290 non
202 2232 272 2305 capit
281 2232 337 2304 ipsa
348 2248 426 2288 suam
435 2234 548 2288 Procne:
569 2232 716 2306 fletumque
725 2234 824 2289 sororis

137 2309 293 2380 corripiens,
313 2309 373 2364 Non
382 2315 422 2362 est
432 2307 548 2362 lacrimis
557 2307 611 2374 hic,
626 2308 723 2379 inquit,
738 2307 884 2382 agendum,

137 2384 184 2439 sed
195 2384 277 2450 ferro,
297 2401 346 2439 eeu
356 2383 379 2438 si
389 2382 456 2455 quid
466 2383 558 2447 habes.
580 2381 652 2455 qnod
665 2383 771 2439 vincere
783 2382 886 2439 serrum

137 2456 584 2530 possitqinomnenciasegcme,
604 2475 741 2530 germana,
761 2458 864 2530 paravi.

137 2536 191 2588 Aut
202 2550 259 2606 ego,
280 2553 366 2607 quum
379 2533 482 2589 facibus
492 2530 589 2605 regalia
599 2539 665 2587 tecta
677 2534 809 2599 cremabo,

84 2620 123 2662 515
138 2608 264 2664 artificem
275 2610 370 2666 mediis
380 2608 523 2665 immittam
533 2607 613 2662 Terea
623 2605 752 2661 flammis:
