1874 2940
267 106 315 157 Ηθ
463 107 491 152 P.
512 104 639 152 ov1n11
657 106 826 152 uasoms

266 212 341 265 Tunc
349 225 457 283 quoque
465 206 571 266 eonanti
583 224 631 262 sua
642 212 741 260 vertare
750 204 860 264 lumina
867 226 933 267 eerv

266 285 386 359 diriguit,
406 301 523 372 saxoque
531 279 668 338 oculorum
678 280 801 367 induruit
811 282 931 342 humor:

912 536 935 559 :t

304 586 393 642 Victor
401 582 560 639 Abantiades
570 581 668 653 patrios
678 597 740 636 cum
749 578 905 654 coniugem

268 661 357 724 intrat,
377 667 402 713 et
413 657 539 712 immeriti
549 655 648 711 vindex
657 654 779 727 ultorque
788 658 913 726 parentis

267 732 419 807 aggreditur
428 733 564 786 Proetum:
586 729 737 785 pamfratre
748 746 882 802 perarma
929 760 937 801 :

268 807 434 863 Acrisioneas
442 807 552 860 Proetus
563 804 714 876 possederat
723 821 806 860 arses.

214 889 252 935 24⁰
267 880 318 936 Sed
328 897 376 936 nee
384 896 433 951 ope
442 896 588 945 armorum.
599 896 746 953 nosquam
756 877 929 952 maleoepera

266 964 341 1012 torva
350 953 501 1011 colubriferi
510 955 647 1028 superavit
657 954 759 1012 lumina
768 956 894 1011 monstri.

304 1032 341 1087 Te
350 1037 451 1099 tamen,
471 1047 594 1104 oparvae
606 1038 703 1096 rector,
723 1029 872 1105 Polydecte,
921 1058 925 1066 ·

270 1123 318 1164 nec
327 1106 432 1165 iuvenis
442 1107 537 1173 virtus,
557 1105 897 1179 pertotspeetatalahores,

269 1201 318 1241 nee
326 1182 568 1241 malamollieraut:
589 1179 805 1239 sedinexorabile
814 1180 901 1238 durus

214 1265 253 1313 205
268 1276 373 1317 exerces
383 1259 488 1317 odium:
509 1277 558 1316 nse
567 1260 660 1333 iniqua
670 1258 732 1314 finis
743 1256 771 1311 in
781 1256 878 1310 iraest.

268 1335 399 1392 Detrectas
408 1337 487 1391 etiam
498 1333 604 1391 laudes:
625 1335 766 1406 fictamque
774 1329 899 1387 Medusae

268 1411 360 1479 arguis
370 1426 428 1463 esse
438 1426 538 1463 necem.
567 1409 696 1464 Dabimus
705 1409 753 1464 tihi
762 1406 873 1479 pignora
883 1422 931 1462 ver

267 1481 367 1549 parcite
375 1480 535 1545 luminibus,
556 1482 667 1537 Perseus
676 1483 726 1537 ait:
746 1497 847 1552 oraque
855 1481 927 1554 regis

267 1567 312 1605 ore
321 1552 461 1607 Medusaeo
471 1552 572 1608 silicem
582 1556 641 1609 sine
650 1557 780 1630 sanguine
789 1554 859 1610 feeit.

214 1635 253 1678 25⁰
305 1625 437 1682 Hactenus
448 1626 590 1699 aurigenae
599 1629 721 1684 comitem
730 1629 847 1686 Tritonia
857 1628 931 1685 fratri

267 1716 296 1753 se
305 1698 391 1755 dedit:
412 1701 476 1756 inde
485 1718 549 1757 eava
558 1702 721 1759 circumdata
731 1704 803 1760 nube
812 1703 937 1774 Seripho

268 1773 373 1837 deserit.
394 1777 510 1833 adextra
520 1777 626 1852 Cythno
635 1779 775 1853 Gyaroque
783 1777 896 1831 relictis:

267 1865 375 1921 quaque
383 1867 465 1922 super
473 1860 585 1923 pontum
595 1853 639 1909 via
649 1854 706 1908 visa
715 1850 881 1908 brevissima,
893 1849 933 1926 Tu

268 1923 474 1997 virgineumque
484 1925 606 1981 Helicona
615 1927 693 1996 petit;
713 1925 864 1995 quomonts
872 1922 937 1983 pou·

214 2011 253 2054 250
266 1997 396 2067 constitit3
417 2007 443 2054 et
450 2000 543 2056 doctas
549 2000 588 2053 sie
595 2006 636 2052 est
644 1999 719 2052 affata
728 2005 842 2049 sorores:

268 2075 350 2128 Fama
359 2074 422 2130 novi
430 2072 511 2130 fontis
521 2079 623 2128 nostras
632 2067 751 2140 pervenit
759 2062 793 2117 ad
802 2075 894 2128 aures3

268 2148 334 2204 dura
346 2148 479 2205 Medusaei
489 2163 569 2220 quem
578 2140 707 2215 praepetis
720 2133 822 2210 ungula
831 2135 913 2208 rupit.

268 2225 294 2279 Is
304 2223 371 2279 mihi
381 2241 475 2280 caussa
483 2223 556 2278 viae:
578 2216 650 2274 volui
660 2212 780 2270 mirabile
790 2210 888 2268 factum

268 2317 385 2356 eernere:
406 2299 462 2355 vidi
472 2298 561 2371 ipsum
572 2298 690 2349 materno
700 2288 830 2364 sanguine
839 2291 922 2347 nasci.

214 2384 253 2428 200
267 2375 375 2449 Excipit
382 2374 492 2431 Uranie:
513 2372 693 2440 Quaecunque
703 2374 743 2421 est
750 2384 844 2422 caussa
853 2365 933 2423 viden

268 2449 318 2504 has
329 2452 387 2517 tibi,
407 2451 478 2515 diva,
498 2448 601 2513 domos,
621 2443 711 2500 auimo
720 2444 870 2518 gratissima
881 2461 937 2500 nos

268 2523 336 2579 Vera
346 2533 433 2582 tamen
443 2525 512 2582 fama
521 2532 570 2589 est,
591 2529 617 2578 et
625 2521 741 2596 Pegasus
751 2520 833 2577 huius
842 2519 916 2593 origo

269 2596 349 2656 tontis
357 2619 364 2671 ;
385 2609 411 2657 et
419 2601 452 2658 ad
463 2600 551 2656 latices
561 2598 671 2658 deduxit
679 2596 784 2655 Pallada
794 2612 891 2653 saeros.
