1874 2940
146 115 195 169 352
331 121 359 166 1³.
381 119 510 166 ovlult
528 120 695 166 NASONIS

144 221 193 286 Et,
214 219 265 274 nisi
277 221 403 291 paruerit.
425 219 507 274 muita
520 237 550 274 ac
559 218 699 273 metuenda
710 219 841 277 minatur.

91 309 116 352 25
145 297 244 351 Postea
254 294 500 365 disceduutpariter
513 293 820 365 somnusquedeusque.

145 369 430 443 Surgitdlemcnides,
452 369 581 439 tacitaque
591 369 703 422 recentia
713 377 803 425 ments

145 446 204 500 visa
214 443 305 508 refert,
326 451 482 516 pugnatque
491 443 537 497 diu
547 443 676 497 sententia
686 459 789 497 secum.

146 521 252 574 Numen
263 519 335 573 abire
346 519 432 573 iubet:
454 517 596 588 prohibent
605 515 741 571 discedere
751 516 823 590 leges
834 538 840 573 ι

147 610 284 666 poenaque
294 610 365 646 mors
376 593 460 663 posita
471 607 509 646 est
520 592 632 664 patriam
643 598 746 645 mutare
756 591 868 648 volenti.

93 681 118 724 su
146 667 283 726 Candidus
294 666 398 721 Oceano
409 667 523 721 nitidum
534 674 614 737 caput
624 663 760 719 abdiderat
770 664 826 731 Sol,

146 752 172 798 ct
181 751 260 814 caput
272 740 401 794 extulerat
411 740 569 793 densissima
580 741 713 793 sidereum
725 756 794 794 nox:

147 819 223 871 visus
234 815 325 867 adesse
335 813 404 866 idem
415 813 481 866 deus
491 821 539 877 est,
560 813 706 885 eademque
716 830 839 870 monere:

146 899 180 954 et,
203 888 255 942 uisi
267 887 391 957 paruerit,
413 886 488 957 piura
499 897 523 942 et
532 889 653 961 graviora
665 886 772 941 minari.

147 961 301 1026 Pertimuit,
322 961 494 1034 patriumque
503 963 584 1017 simui
597 962 738 1024 transferre
747 965 859 1035 parabat

94 1051 118 1093 35
147 1039 175 1093 in
186 1036 261 1091 sedes
272 1036 403 1107 penetrale
413 1056 509 1101 novas3
532 1039 561 1091 fit
570 1055 694 1092 murmur
703 1039 731 1093 in
743 1039 819 1106 urbe,

147 1120 350 1184 spretarumque
360 1113 447 1185 agitur
461 1112 550 1184 legum
561 1129 635 1165 reus:
651 1120 734 1184 utque
742 1121 848 1185 peracta
858 1123 897 1170 est

147 1205 241 1243 caussa
252 1187 335 1259 prior,
355 1187 510 1258 crimenque
520 1193 590 1258 patet
599 1185 657 1240 siue
669 1195 732 1246 teste
742 1187 895 1257 probatum.

146 1262 288 1335 squaiidus
298 1262 330 1315 ad
341 1261 455 1332 Superos
466 1261 561 1316 tollens
575 1277 635 1314 reus
645 1279 691 1316 ora
701 1279 864 1336 manusque,

147 1337 221 1393 Ocui
234 1337 276 1390 ius
286 1336 351 1391 coeii
363 1336 405 1390 bis
416 1353 463 1390 sex
474 1335 556 1390 fecere
567 1335 678 1400 labores,

93 1418 119 1465 tu
147 1411 186 1467 ter
199 1428 306 1483 precor,
329 1411 432 1483 inquit,
452 1427 544 1482 opem:
566 1427 629 1466 nam
647 1418 676 1464 tu
691 1410 759 1465 mihi
773 1412 896 1470 criminis

629 1492 728 1539 auctor.

148 1559 205 1614 Mos
215 1564 270 1611 erat
279 1559 416 1630 antiquus,
438 1559 524 1613 niveis
535 1559 653 1629 atrisque
664 1557 771 1630 lapillis,

148 1633 191 1688 his
201 1633 327 1687 damnare
337 1651 409 1699 reos,
431 1634 485 1687 iliis
495 1634 632 1688 absolvere
641 1633 730 1704 culpa.

148 1709 223 1763 Tunc
232 1725 340 1780 quoque
355 1709 393 1762 sic
404 1708 453 1762 tata
464 1717 503 1763 est
513 1716 642 1763 sententia
653 1708 750 1777 tristis;
771 1714 797 1763 et
806 1709 897 1766 omnis

147 1782 265 1837 calculus
276 1783 405 1838 immitem
417 1785 564 1838 demittitur
574 1791 628 1837 ater
638 1783 666 1838 in
680 1800 787 1838 urnam.

95 1864 119 1910 t5
147 1855 220 1920 Quae
230 1857 310 1910 simui
322 1859 414 1912 edudit
426 1858 604 1914 numerandos
614 1875 689 1913 versa
701 1856 818 1928 lapillos,

147 1929 273 1982 omuibus
283 1948 297 1982 e
310 1933 385 2002 nigro
395 1934 467 1988 color
476 1942 516 1987 est
526 1940 645 1987 mutatus
655 1932 683 1986 iu
693 1931 799 1986 album:

148 2000 314 2071 candidaque
324 2005 449 2060 Herculeo
461 2006 590 2060 sententia
601 2006 713 2061 numine
722 2004 789 2061 tacta

147 2075 227 2132 solvit
238 2075 422 2131 Alemoniden.
453 2080 545 2134 Grates
555 2080 609 2153 agit
621 2080 665 2133 ille
676 2079 778 2152 parenti

146 2150 414 2224 Amphitryoniadae:
436 2153 576 2224 ventisque
585 2154 736 2210 faventibus
746 2170 845 2226 aequor

95 2240 119 2282 50
148 2228 256 2301 navigat
268 2227 382 2290 lonium,
404 2227 851 2302 LacedaemoniumqueTarentum

146 2303 279 2374 praeterit,
301 2310 326 2355 et
336 2301 460 2375 Sybarin.
481 2302 701 2377 Salentinumque
711 2303 875 2359 Neaethum:
903 2347 908 2356 .

148 2377 337 2448 Thurinosque
347 2377 434 2441 siouS,
456 2377 646 2451 Temesenque,
667 2387 692 2432 et
701 2378 810 2452 Iapygis
820 2394 894 2432 arva.

147 2451 253 2522 Vixque
263 2452 417 2523 pererratis,
439 2469 507 2523 quae
517 2463 636 2523 spectant
646 2453 747 2519 littora,
768 2451 856 2516 terris,

140 2526 365 2581 iuvenitdcsarai
377 2525 464 2580 fatalia
476 2526 595 2580 fluminis
605 2544 666 2580 ora:

69 2610 101 2651 55
125 2602 291 2674 necprccui
300 2603 369 2662 triac
380 2600 531 2672 tumulum,
544 2602 597 2659 sub
605 2617 661 2676 quo
669 2599 895 2664 sacrataCrotcuis
