1874 2940
237 108 285 160 l30
425 112 454 159 Ρ.
475 110 603 159 0v1n11
621 113 789 160 NASONIS

234 212 373 284 multaque
380 218 411 267 ut
419 211 522 284 eripiat,
543 211 628 269 multo
637 213 704 268 mihi
714 211 793 285 plura
802 210 924 286 relinqu

232 287 377 342 Excessere
386 295 487 343 metum
496 304 555 342 mea
565 288 619 342 iam
628 289 708 343 bona.
738 288 845 363 Fingite
853 288 931 347 demi

234 362 299 418 huic
307 362 413 435 aliquid
421 361 520 434 populo
533 369 657 418 natarum
666 379 745 434 posse
755 380 893 433 meorum3

235 455 289 493 non
299 445 387 493 tamen
400 437 434 492 ad
444 454 588 492 numerum
598 437 703 510 redigar
713 437 826 508 spoliata
836 436 937 495 duoru

180 523 219 566 220
246 513 359 568 Latonae
369 512 447 568 turba
456 519 589 583 quantum
598 511 714 567 distabat
723 512 756 567 ab
766 509 850 568 orba?

247 594 271 642 te
280 588 363 643 sacris
373 603 484 658 propera
495 586 592 654 sacris;
614 585 775 658 laurumque
783 587 853 657 capil
866 587 889 641 is

234 663 334 734 ponite.
364 662 514 731 Deponunt,
535 659 749 716 etsaorainlecta
762 660 924 735 relinquunt

234 737 361 808 quodque
372 733 441 799 licet,
462 733 539 788 tacite
547 743 708 790 venerantur
720 752 861 790 murmure
870 755 909 792 nu
917 764 933 788 a

234 811 375 882 indignata
384 807 432 862 dea
442 815 495 862 est:
515 809 715 882 summoqusin
725 809 823 864 vertice
835 810 928 886 Cynth

181 895 220 937 205
236 883 334 939 talibus
345 889 386 936 est
397 881 474 938 dictis
486 881 594 956 gemina
606 901 669 939 cum
678 883 753 956 prole
763 883 864 940 locuta:

234 958 277 1013 En
287 974 336 1032 ego
345 965 433 1011 vestra
444 973 551 1028 parens,
571 957 649 1014 vobis
659 959 780 1014 animosa
789 960 895 1027 creatis,

236 1040 270 1098 et,
292 1032 465 1099 nisilunoni‚
486 1031 554 1087 nulli
564 1049 672 1088 cossura
682 1032 803 1100 dearum,

236 1125 269 1164 an
281 1107 330 1164 dea
340 1108 407 1175 sim,
427 1107 548 1163 dubitor:
568 1124 671 1180 perque
684 1107 775 1164 omnia
787 1107 919 1165 saeculac

236 1202 334 1250 arceor,
355 1183 446 1250 enati,
467 1183 520 1238 nisi
530 1201 579 1239 vos
589 1183 755 1248 succurritis,
775 1183 839 1238 arie.

183 1272 222 1314 ala
237 1260 291 1315 Nec
300 1259 375 1317 dolor
383 1260 428 1315 bic
438 1257 526 1316 solus:
547 1258 606 1314 diro
615 1257 736 1314 convicia
745 1256 813 1312 lacto

236 1335 355 1391 Tantalis
365 1335 473 1392 adiecit:
497 1351 600 1407 vosque
609 1341 649 1389 est
657 1340 816 1405 postponere
825 1332 896 1387 natis

236 1427 302 1463 ausa
310 1411 382 1464 suis:
402 1417 492 1473 mma,
513 1410 586 1480 quod
595 1409 624 1464 in
638 1409 724 1480 ipsam
734 1405 841 1472 recidat,
862 1408 937 1462 orba

236 1482 319 1550 dixit3
340 1481 497 1537 etexhibuit
509 1482 630 1556 linguam
639 1481 763 1538 scelerata
777 1488 926 1553 paternam.

236 1554 377 1610 Adiectura
386 1571 476 1626 preces
485 1564 540 1610 erat
549 1558 593 1611 his
604 1559 703 1613 Latona
714 1557 816 1613 relatis:

183 1640 222 1682 215
237 1628 342 1694 Desine,
353 1628 476 1684 Phoebus
482 1629 527 1683 ait.
548 1630 728 1687 Poenaemora
734 1632 812 1706 longa
818 1628 925 1702 quercla

237 1703 310 1758 Dixit
320 1703 391 1758 idem
401 1703 519 1758 Phoebe:
540 1702 672 1777 celerique
680 1723 727 1778 per
737 1709 796 1762 aia'ra
807 1706 884 1777 lapsa

237 1778 401 1852 contigerant
410 1778 468 1832 tecti
480 1777 622 1834 Cadmeida
633 1781 753 1836 nubibus
763 1798 861 1837 arcem.

237 1851 337 1908 Planus
346 1860 401 1907 erat
411 1851 514 1924 lateque
523 1860 616 1925 patens
626 1872 707 1926 prope
716 1856 820 1912 moenia
832 1870 937 1927 campu

238 1926 355 1982 assiduis
365 1926 489 1998 pulsatus
499 1927 590 2000 equis;
612 1929 659 1984 ubi
671 1931 749 1985 turha
759 1937 888 1996 rotarum,

184 2015 222 2056 222
238 2002 359 2072 duraque
368 2001 499 2057 mollierat
511 2003 643 2058 subiectas
653 2003 756 2078 ungula
766 2005 869 2079 glebas.

238 2078 302 2131 Pars
312 2076 350 2130 ibi
361 2076 393 2131 ds
406 2085 507 2148 septem
516 2079 614 2151 genitis
623 2079 774 2150 Amphione
782 2079 863 2134 sortes

238 2150 421 2207 conscendunt
430 2151 459 2206 in
468 2169 561 2225 equos,
582 2154 716 2227 Tyrioque
726 2153 848 2208 rubentia
858 2169 933 2208 u·

240 2239 310 2300 terga
315 2233 450 2299 premunt;
457 2227 882 2301 auroquegravesmoderanturh
897 2251 903 2276 ι
914 2252 921 2275 ι
932 2254 936 2276 ι

238 2302 259 2357 E
270 2303 372 2374 quibus
381 2303 511 2368 [smenon
531 2303 580 2376 qui
592 2304 669 2357 matri
680 2305 784 2359 sarcina
792 2302 930 2375 quondam

185 2388 224 2431 225
238 2378 326 2448 prima
335 2395 400 2434 suae
409 2376 504 2444 fuerat,
527 2377 594 2433 dum
603 2385 705 2432 certum
714 2377 794 2433 lleclit
803 2379 831 2433 in
842 2376 935 2432 orbem

239 2451 422 2526 quadrupedis
432 2470 552 2519 cursum,
564 2453 770 2525 spumantiaque
778 2470 824 2508 ora
833 2454 933 2507 coercet

241 2525 288 2580 Hei
299 2528 381 2583 mihi!
402 2527 562 2597 conclamat;
585 2526 933 2600 medioqusinpecteralix

241 2599 293 2655 tela
300 2603 379 2674 gerit,
400 2603 536 2677 frenisque
546 2622 629 2660 manu
642 2603 772 2661 moriente
781 2601 902 2657 mmissis
