1874 2940
156 38 532 94 4444404444444444
550 49 622 94 mn.
642 49 696 95 xv.
746 44 795 96 444

56 146 202 203 Priamides
211 148 325 203 11414444
334 148 405 203 flenti
414 149 549 220 dubioque
558 148 651 203 salutis

55 223 160 277 dixerat
168 221 279 289 Aeneae,
299 241 385 296 quum
395 240 436 278 res
446 224 556 278 Troiane
567 220 678 277 labaret:

57 299 124 352 Nate
133 295 190 362 dee,
211 298 305 354 sinete
315 299 637 372 sctispreesnginnostmc

57 370 155 426 mentis
164 371 261 438 habes,
283 380 397 428 4444444
407 372 490 438 cadet,
511 372 651 443 teeospite,
672 371 759 426 Troia.
812 379 851 426 444

57 444 178 502 Flamma
188 447 236 501 tibi
245 446 399 519 ferrumque
408 446 509 502 dabunt
518 447 576 501 iter.
606 446 670 512 Ibis,
690 454 776 501 etune

57 521 186 594 Pergama
195 528 269 592 rapte
278 520 354 587 feres,
375 521 457 577 donee
467 522 612 593 Troiaeque
620 521 723 594 tibique

58 601 197 650 externum
207 595 670 673 patricccntingetamiciusarvum.

61 669 158 724 Urbem
167 670 247 724 etiam
256 687 335 728 cerno
343 672 473 746 Phrygios
483 672 577 728 debere
586 680 702 745 nepotes,

60 750 219 815 quentanec
227 753 275 810 eet,
297 764 345 801 nec
354 748 412 811 erit,
433 764 481 801 nec
490 748 548 803 vien
557 748 691 820 prioribus
700 747 787 802 annis.
813 752 852 800 445

60 815 187 874 Herculii
197 835 317 891 proceres
326 837 374 890 per
382 820 486 874 4444414
497 821 576 894 longa
585 831 727 893 potentem,

60 890 252 949 eeddominam
261 909 350 947 rerum
360 892 392 946 de
401 893 533 964 sanguine
542 902 621 949 natus
630 897 682 950 Iuli

60 964 169 1023 efficiet:
189 985 252 1040 quo,
266 984 353 1040 quum
361 965 439 1021 tellus
449 965 497 1020 erit
506 982 565 1030 444,
585 966 706 1023 fruentur

61 1040 194 1097 aethereae
203 1041 288 1107 eedee,
307 1041 464 1113 coelumque
472 1040 521 1094 erit
530 1039 616 1094 exitus
625 1038 676 1094 illi.

60 1117 130 1171 11444
138 1116 267 1172 Helenum
275 1117 402 1172 cecinisse
411 1115 563 1188 Penatigero
572 1112 683 1177 Aeneae,
815 1125 854 1173 454

61 1197 149 1245 mente
157 1208 258 1248 memor
267 1190 358 1257 resero,
378 1197 541 1264 cognataque
550 1189 653 1244 moenia
662 1186 743 1243 144444

62 1281 190 1335 erescere3
211 1274 237 1321 et
245 1264 345 1322 utiliter
354 1264 505 1338 Phrygibus
514 1262 610 1319 vicisse
617 1260 751 1335 Pelasgos.

61 1340 101 1394 Ν4
109 1347 207 1407 temen,
226 1339 315 1397 oblitis
325 1340 358 1396 441
368 1347 465 1396 metam
475 1338 589 1404 tendere,
610 1335 688 1410 longe

61 1415 242 1487 exspatiemur
257 1415 348 1488 equis3
369 1413 487 1480 coelum,
505 1420 532 1469 et
552 1411 731 1543 qnclrlicunque
748 1412 800 1467 sub

590 1489 695 1552 inest,

61 1563 186 1620 immutet
194 1563 302 1629 14444444,
313 1563 454 1637 tellusque,
466 1571 491 1619 et
500 1561 634 1636 quidquid
642 1562 671 1616 in
680 1561 726 1615 illc
735 1567 784 1614 444.
815 1567 853 1614 455

62 1640 116 1694 Ν44
135 1656 244 1711 quoqne
261 1657 323 1711 pars
339 1638 444 1704 mundi,
465 1636 602 1711 (quoniam
621 1652 675 1763 non
693 1651 801 1707 corpere

591 1726 689 1775 ecum,

61 1785 241 1842 verumetiam
250 1787 370 1844 volucres
379 1788 483 1844 animae
490 1802 596 1853 4444444,
612 1786 694 1858 inque
704 1783 801 1842 ferinas

61 1861 547 1936 poenumueiredomoe‚pecudumque
555 1860 585 1918 in
595 1861 802 1936 pectoracondi,)

61 1951 179 2004 corpore,
199 1955 268 2009 quae
276 1947 390 2010 possunt
398 1939 502 1995 enimes
511 1937 638 1994 habuisse
650 1947 799 2012 parentum,

62 2014 108 2061 444
116 2006 238 2075 fratrum,
256 2013 402 2087 autaliquo
410 2016 561 2071 iunctorum
571 2014 673 2071 foedere
681 2012 767 2072 nobie,
815 2014 854 2060 444

62 2085 108 2135 aut
117 2077 258 2136 hominum
266 2092 344 2150 certe,
364 2096 420 2143 tute
432 2105 490 2144 esec
501 2095 527 2143 et
538 2088 646 2143 14444444
656 2085 791 2138 sinemus:

63 2169 129 2209 neve
138 2151 275 2226 Thyesteis
283 2159 455 2216 cumulemus
464 2162 565 2217 viscera
575 2159 687 2213 meneir.

63 2228 148 2295 Quem
159 2224 228 2281 mele
237 2232 395 2295 consuescit,
414 2250 496 2304 quem
506 2228 620 2304 separat·
628 2228 673 2284 ille
685 2227 772 2283 cruori

63 2303 164 2376 impius
172 2301 300 2366 humano,
319 2301 398 2358 vituli
411 2308 574 2378 quigutture
583 2302 668 2358 cultro

63 2379 178 2452 rumpit,
198 2375 730 2452 etimmcteeprecbetmngitibnenures‘!
815 2381 855 2429 444

64 2461 112 2508 aut
120 2454 168 2527 qni
178 2452 283 2528 vagitus
293 2451 393 2508 imiles
401 2451 550 2524 puerilibus
559 2450 674 2506 hoedum

63 2527 183 2586 edentem
194 2526 316 2606 iugulere
324 2535 423 2605 potent,
443 2534 491 2582 em
498 2525 561 2582 41444
569 2525 660 2586 reem,
