1874 2940
166 148 551 195 METAMORPHOSEON
569 153 638 197 LIB.
658 155 713 200 XII.
762 149 812 204 285

67 255 179 320 occupat
188 247 311 322 Aegides,
331 248 468 319 cubitique
478 249 593 322 ingentia
607 250 685 326 fregit

10 368 41 409 .
67 341 143 383 ossa:
165 341 214 378 uec
224 323 335 377 ulterius
345 322 408 377 dare
416 340 513 395 corpus
521 323 616 379 inutile
626 324 676 380 leto
735 374 738 380 ,

66 405 208 464 33333333,
228 404 371 452 auteuret:
392 404 519 472 tergoque
527 399 646 454 Bianoris
656 398 703 455 alti
827 412 866 457 345

10 469 30 557 Ἰ
65 472 162 540 insilit,
174 472 246 527 haud
256 471 505 546 solitoquemquem
514 480 626 546 portare,
643 475 695 529 nisi
705 475 809 547 ipsum:

65 548 246 621 opposuitque
255 563 326 620 genu
336 548 429 602 costis:
450 566 629 622 prensamque
638 549 744 604 sinistra

66 623 211 681 caesariem
221 623 352 689 retinens,
372 622 479 679 vultum
489 625 693 697 minitantiaque
701 643 746 681 ore

65 701 161 756 robore
170 697 279 763 nodoso,
301 697 484 772 praeduraque
493 707 620 772 tempora,
642 700 729 775 fregit.

65 775 171 832 Robore
180 773 362 848 Nedymnum,
383 773 606 848 iaculatoremque
615 778 732 851 Lycotan
827 787 865 832 353

67 850 171 915 sternit,
192 848 348 904 otimmissa
357 856 503 920 protectum
514 853 708 923 pectora‘harhe

12 984 15 989 ,
66 925 214 996 Hippason,
235 931 260 980 et
269 925 384 978 summis
394 931 540 981 exstantem
549 927 650 998 Riphea
660 928 746 995 silvis,

67 1001 212 1072 Tereaque,
232 998 385 1053 Haemoniis
395 999 443 1069 qui
452 1015 563 1069 prensos
574 1003 710 1058 montibus
721 1021 798 1061 ursos

11 1130 19 1139 ,
67 1074 136 1130 ferre
144 1074 255 1130 domum
265 1073 341 1128 vivos
351 1071 573 1146 indignantesque
583 1075 692 1131 solebat.

67 1148 146 1205 Haud
154 1148 341 1205 tulitutentem
350 1164 456 1220 pugnae
466 1148 634 1204 successibus
644 1150 712 1205 ultre
827 1164 866 1208 355

67 1225 169 1280 Thesea
181 1223 336 1280 Demoleon:
357 1221 495 1295 solidoque
503 1223 627 1279 revellere
636 1223 718 1280 dumo

68 1316 198 1355 annosam
207 1299 304 1371 pinum
314 1315 412 1372 magno
421 1297 559 1354 molimine
568 1306 659 1354 tentat.

67 1373 146 1442 Quod
157 1374 284 1447 quianon
293 1374 387 1446 potuit,
394 1372 566 1445 praefractam
576 1374 650 1429 misit
659 1374 687 1428 in
696 1373 809 1430 hostem.

68 1449 119 1506 Sed
129 1448 222 1522 procul
232 1448 307 1505 atelo
317 1449 434 1504 Theseus
443 1449 565 1505 veniente
574 1450 691 1515 recessit,

10 1532 16 1593 ζ
67 1524 188 1582 Pallados
199 1523 349 1593 admonitu3
370 1524 441 1580 credi
451 1525 490 1580 sic
500 1525 557 1597 ipse
566 1523 679 1582 volebat.
827 1536 865 1580 333

10 1612 14 1663 ,·
67 1602 128 1657 Non
137 1608 226 1655 tamen
235 1600 313 1656 arbor
322 1601 393 1655 iners
402 1601 508 1657 cecidit:
530 1618 592 1656 nam
602 1601 736 1657 Crantoris
746 1599 792 1656 alti

10 1684 15 1739 ζ
67 1676 181 1732 adscidit
190 1675 283 1748 iugulo
292 1683 438 1748 pectusque
447 1676 644 1750 humerumque
655 1676 805 1732 sinistrum.

10 1772 18 1817 ,·.
67 1751 191 1826 Armiger
201 1749 246 1806 ille
255 1751 294 1817 tui
304 1749 390 1805 luerat
397 1751 534 1824 genitoris,
555 1750 671 1805 Achille:

13 1820 16 1825 ’
68 1843 150 1900 quem
159 1824 289 1899 Dolopum
299 1834 390 1892 rector,
410 1823 480 1880 bello
490 1832 639 1896 superatus,
660 1824 791 1899 Amyntor

66 1901 195 1958 Aeacidae
203 1900 309 1957 dederat
316 1900 389 1973 pacis
398 1899 551 1974 pignusque
560 1899 703 1974 fidemque.
826 1913 864 1958 335

66 1978 145 2032 Hunc
153 1976 244 2050 procul
255 1984 286 2032 ut
294 1976 368 2033 foedo
377 1976 517 2031 disiectum
527 1973 638 2032 vulnere
646 1976 739 2033 Peleus

67 2050 149 2114 vidit,
169 2050 205 2106 ht
214 2051 331 2118 inferias,
352 2052 481 2108 iuvenum
490 2052 642 2126 gratissime
651 2053 770 2118 Crantor,

68 2122 166 2192 accipe,
186 2125 236 2179 eit:
257 2125 399 2199 validoque
407 2128 436 2183 in
444 2127 612 2183 Demoleonta
623 2127 717 2183 lacerto

67 2197 215 2254 fraxineam
223 2199 305 2263 misit,
326 2201 423 2256 mentis
433 2218 540 2274 quoque
550 2201 663 2268 viribus,
684 2202 798 2256 hastam.

68 2273 142 2340 Quae
152 2269 263 2326 laterum
273 2280 370 2328 cratem
380 2277 509 2347 perrupit,
532 2284 557 2330 ct
565 2276 673 2332 ossibus
682 2276 793 2329 haerens
826 2283 864 2326 eto

68 2347 215 2403 intremuit.
245 2347 336 2401 Trahit
344 2347 389 2402 ille
397 2366 480 2405 manu
490 2351 548 2406 sine
557 2349 667 2421 cuspide
677 2349 795 2421 lignum:

67 2425 96 2479 id
101 2439 210 2495 quoque
218 2421 265 2476 vix
270 2422 404 2492 sequitur:
415 2424 506 2495 cuspis
517 2424 644 2495 pulmone
652 2430 750 2477 retenta
759 2428 808 2477 est.

67 2501 127 2570 lpse
136 2498 210 2555 dolor
221 2497 291 2552 vires
301 2497 390 2553 animo
398 2497 492 2554 dabat:
513 2516 589 2572 aeger
599 2499 627 2552 in
638 2497 741 2552 hostem

68 2574 192 2648 erigitur,
213 2571 382 2645 pedibusque
390 2573 480 2628 virum
490 2573 624 2643 proculcat
633 2572 750 2641 equinis.

67 2649 174 2725 Excipit
182 2649 227 2708 illo
237 2651 305 2706 ictus
313 2646 388 2726 galea
398 2646 550 2724 clypeoque
558 2653 702 2710 sonantes,
839 2650 889 2690 *nx
