<?xml version="1.0" encoding="UTF-8"?>
<!DOCTYPE html PUBLIC "-//W3C//DTD XHTML 1.0 Transitional//EN"
    "http://www.w3.org/TR/xhtml1/DTD/xhtml1-transitional.dtd">
<html xmlns="http://www.w3.org/1999/xhtml" xml:lang="en" lang="en">
 <head>
  <title>
</title>
<meta http-equiv="Content-Type" content="text/html;charset=utf-8" />
  <meta name='ocr-system' content='tesseract 3.04.00' />
  <meta name='ocr-capabilities' content='ocr_page ocr_carea ocr_par ocr_line ocrx_word'/>
</head>
<body>
  <div class='ocr_page' id='page_1' title='image "./povidiinasoniso01ovidgoog_0038.png"; bbox 0 0 1874 2940; ppageno 0'>
   <div class='ocr_carea' id='block_1_1' title="bbox 200 141 807 193">
    <p class='ocr_par' dir='ltr' id='par_1_1' title="bbox 200 141 807 193">
     <span class='ocr_line' id='line_1_1' title="bbox 200 141 807 193; baseline 0.003 -2"><span class='ocrx_word' id='word_1_1' title='bbox 200 143 577 191; x_wconf 76' lang='lat' dir='ltr'>METAMORPHOSEON</span> <span class='ocrx_word' id='word_1_2' title='bbox 594 145 662 190; x_wconf 91' lang='lat' dir='ltr'>LIB.</span> <span class='ocrx_word' id='word_1_3' title='bbox 677 145 699 190; x_wconf 90' lang='lat'>1.</span> <span class='ocrx_word' id='word_1_4' title='bbox 774 141 807 193; x_wconf 72' lang='lat'>25</span> 
     </span>
    </p>
   </div>
   <div class='ocr_carea' id='block_1_2' title="bbox 19 242 864 2579">
    <p class='ocr_par' dir='ltr' id='par_1_2' title="bbox 66 242 737 317">
     <span class='ocr_line' id='line_1_2' title="bbox 66 242 737 317; baseline -0.001 -17"><span class='ocrx_word' id='word_1_5' title='bbox 66 246 132 300; x_wconf 84' lang='lat' dir='ltr'>heee</span> <span class='ocrx_word' id='word_1_6' title='bbox 140 244 203 299; x_wconf 78' lang='lat' dir='ltr'>erit:</span> <span class='ocrx_word' id='word_1_7' title='bbox 224 251 250 298; x_wconf 83' lang='lat' dir='ltr'>et</span> <span class='ocrx_word' id='word_1_8' title='bbox 258 243 363 317; x_wconf 78' lang='lat' dir='ltr'>Stygius</span> <span class='ocrx_word' id='word_1_9' title='bbox 374 243 448 297; x_wconf 80' lang='lat' dir='ltr'>iubet</span> <span class='ocrx_word' id='word_1_10' title='bbox 458 243 507 298; x_wconf 90' lang='lat' dir='ltr'>hoe</span> <span class='ocrx_word' id='word_1_11' title='bbox 516 242 608 297; x_wconf 83' lang='lat' dir='ltr'>audire</span> <span class='ocrx_word' id='word_1_12' title='bbox 616 243 737 314; x_wconf 78' lang='lat' dir='ltr'>paludes.</span> 
     </span>
    </p>

    <p class='ocr_par' dir='ltr' id='par_1_3' title="bbox 66 316 679 388">
     <span class='ocr_line' id='line_1_3' title="bbox 66 316 679 388; baseline -0.002 -14"><span class='ocrx_word' id='word_1_13' title='bbox 66 319 101 374; x_wconf 89' lang='lat' dir='ltr'>Ut</span> <span class='ocrx_word' id='word_1_14' title='bbox 110 318 189 374; x_wconf 82' lang='lat' dir='ltr'>lenita</span> <span class='ocrx_word' id='word_1_15' title='bbox 198 317 245 372; x_wconf 85' lang='lat' dir='ltr'>dea</span> <span class='ocrx_word' id='word_1_16' title='bbox 255 326 309 382; x_wconf 75' lang='lat' dir='ltr'>est,</span> <span class='ocrx_word' id='word_1_17' title='bbox 330 317 421 372; x_wconf 72' lang='lat' dir='ltr'>vultus</span> <span class='ocrx_word' id='word_1_18' title='bbox 431 317 501 388; x_wconf 79' lang='lat' dir='ltr'>eupit</span> <span class='ocrx_word' id='word_1_19' title='bbox 511 316 554 370; x_wconf 84' lang='lat' dir='ltr'>iiie</span> <span class='ocrx_word' id='word_1_20' title='bbox 565 317 679 388; x_wconf 81' lang='lat' dir='ltr'><strong>priores:</strong></span> 
     </span>
    </p>

    <p class='ocr_par' dir='ltr' id='par_1_4' title="bbox 66 391 863 835">
     <span class='ocr_line' id='line_1_4' title="bbox 67 391 792 465; baseline 0.001 -18"><span class='ocrx_word' id='word_1_21' title='bbox 67 393 159 465; x_wconf 79' lang='lat' dir='ltr'>fitque,</span> <span class='ocrx_word' id='word_1_22' title='bbox 180 391 390 463; x_wconf 80' lang='lat' dir='ltr'>quodanteiuit.</span> <span class='ocrx_word' id='word_1_23' title='bbox 420 391 539 464; x_wconf 80' lang='lat' dir='ltr'>Fugiunt</span> <span class='ocrx_word' id='word_1_24' title='bbox 548 391 697 461; x_wconf 85' lang='lat' dir='ltr'>decerpere</span> <span class='ocrx_word' id='word_1_25' title='bbox 709 400 792 448; x_wconf 78' lang='lat' dir='ltr'>setae:</span> 
     </span>
     <span class='ocr_line' id='line_1_5' title="bbox 67 464 863 523; baseline 0 -1"><span class='ocrx_word' id='word_1_26' title='bbox 67 483 165 522; x_wconf 84' lang='lat' dir='ltr'>eomua</span> <span class='ocrx_word' id='word_1_27' title='bbox 175 466 344 522; x_wconf 83' lang='lat' dir='ltr'>decrescunt:</span> <span class='ocrx_word' id='word_1_28' title='bbox 365 465 394 519; x_wconf 79' lang='lat' dir='ltr'>fit</span> <span class='ocrx_word' id='word_1_29' title='bbox 405 464 516 519; x_wconf 87' lang='lat' dir='ltr'>luminis</span> <span class='ocrx_word' id='word_1_30' title='bbox 525 465 619 519; x_wconf 81' lang='lat' dir='ltr'>arctior</span> <span class='ocrx_word' id='word_1_31' title='bbox 628 467 714 519; x_wconf 86' lang='lat' dir='ltr'>orbis:</span> <span class='ocrx_word' id='word_1_32' title='bbox 822 475 863 523; x_wconf 80' lang='grc'>777</span> 
     </span>
     <span class='ocr_line' id='line_1_6' title="bbox 66 538 807 611; baseline 0.003 -16"><span class='ocrx_word' id='word_1_33' title='bbox 66 540 335 595; x_wconf 78' lang='lat' dir='ltr'>contrahiturrictus:</span> <span class='ocrx_word' id='word_1_34' title='bbox 355 540 466 594; x_wconf 84' lang='lat' dir='ltr'>redeunt</span> <span class='ocrx_word' id='word_1_35' title='bbox 475 538 634 610; x_wconf 84' lang='lat' dir='ltr'>humerique</span> <span class='ocrx_word' id='word_1_36' title='bbox 643 557 807 611; x_wconf 83' lang='lat' dir='ltr'>manusque:</span> 
     </span>
     <span class='ocr_line' id='line_1_7' title="bbox 67 612 764 686; baseline -0.003 -16"><span class='ocrx_word' id='word_1_37' title='bbox 67 632 105 670; x_wconf 89' lang='lat' dir='ltr'>un</span> <span class='ocrx_word' id='word_1_38' title='bbox 145 612 223 686; x_wconf 84' lang='lat' dir='ltr'>laque</span> <span class='ocrx_word' id='word_1_39' title='bbox 232 613 367 685; x_wconf 85' lang='lat' dir='ltr'>inquines</span> <span class='ocrx_word' id='word_1_40' title='bbox 376 613 477 683; x_wconf 82' lang='lat' dir='ltr'>dilapsa</span> <span class='ocrx_word' id='word_1_41' title='bbox 489 613 639 668; x_wconf 80' lang='lat' dir='ltr'>absumitur</span> <span class='ocrx_word' id='word_1_42' title='bbox 648 630 764 686; x_wconf 80' lang='lat' dir='ltr'>ungues.</span> 
     </span>
     <span class='ocr_line' id='line_1_8' title="bbox 66 631 785 758; baseline 0 -16"><span class='ocrx_word' id='word_1_43' title='bbox 66 631 180 744; x_wconf 47' lang='lat' dir='ltr'>Dessve</span> <span class='ocrx_word' id='word_1_44' title='bbox 189 687 227 742; x_wconf 82' lang='lat' dir='ltr'>nil</span> <span class='ocrx_word' id='word_1_45' title='bbox 238 695 367 758; x_wconf 78' lang='lat' dir='ltr'>superest,</span> <span class='ocrx_word' id='word_1_46' title='bbox 388 686 486 743; x_wconf 82' lang='lat' dir='ltr'>formae</span> <span class='ocrx_word' id='word_1_47' title='bbox 496 687 548 742; x_wconf 89' lang='lat' dir='ltr'>nisi</span> <span class='ocrx_word' id='word_1_48' title='bbox 559 687 666 752; x_wconf 77' lang='lat' dir='ltr'><strong>candor,</strong></span> <span class='ocrx_word' id='word_1_49' title='bbox 687 687 716 742; x_wconf 86' lang='lat' dir='ltr'>in</span> <span class='ocrx_word' id='word_1_50' title='bbox 726 686 785 742; x_wconf 13' lang='lat' dir='ltr'>illae:</span> 
     </span>
     <span class='ocr_line' id='line_1_9' title="bbox 67 760 706 835; baseline -0.003 -18"><span class='ocrx_word' id='word_1_51' title='bbox 67 761 207 834; x_wconf 84' lang='lat' dir='ltr'>officioque</span> <span class='ocrx_word' id='word_1_52' title='bbox 215 762 314 833; x_wconf 87' lang='lat' dir='ltr'>pedum</span> <span class='ocrx_word' id='word_1_53' title='bbox 325 762 449 835; x_wconf 86' lang='lat' dir='ltr'>Nymphe</span> <span class='ocrx_word' id='word_1_54' title='bbox 460 769 580 816; x_wconf 81' lang='lat' dir='ltr'>contentu</span> <span class='ocrx_word' id='word_1_55' title='bbox 590 760 706 816; x_wconf 89' lang='lat' dir='ltr'>duorum</span> 
     </span>
    </p>

    <p class='ocr_par' dir='ltr' id='par_1_5' title="bbox 66 835 862 983">
     <span class='ocr_line' id='line_1_10' title="bbox 67 835 862 909; baseline -0.001 -19"><span class='ocrx_word' id='word_1_56' title='bbox 67 836 192 909; x_wconf 71' lang='lat' dir='ltr'>erigitur:</span> <span class='ocrx_word' id='word_1_57' title='bbox 213 836 360 907; x_wconf 78' lang='lat' dir='ltr'>metuitque</span> <span class='ocrx_word' id='word_1_58' title='bbox 370 835 457 907; x_wconf 83' lang='lat' dir='ltr'>ioqui,</span> <span class='ocrx_word' id='word_1_59' title='bbox 478 852 512 888; x_wconf 88' lang='lat' dir='ltr'>ne</span> <span class='ocrx_word' id='word_1_60' title='bbox 521 853 594 890; x_wconf 87' lang='lat' dir='ltr'>more</span> <span class='ocrx_word' id='word_1_61' title='bbox 603 836 729 890; x_wconf 82' lang='lat' dir='ltr'>iuvencae</span> <span class='ocrx_word' id='word_1_62' title='bbox 822 843 862 889; x_wconf 77' lang='lat'>745</span> 
     </span>
     <span class='ocr_line' id='line_1_11' title="bbox 66 909 712 983; baseline -0.002 -19"><span class='ocrx_word' id='word_1_63' title='bbox 66 911 183 983; x_wconf 80' lang='lat' dir='ltr'><strong>mugiat:</strong></span> <span class='ocrx_word' id='word_1_64' title='bbox 204 917 229 964; x_wconf 82' lang='lat' dir='ltr'>et</span> <span class='ocrx_word' id='word_1_65' title='bbox 239 909 331 964; x_wconf 78' lang='lat' dir='ltr'>timide</span> <span class='ocrx_word' id='word_1_66' title='bbox 340 910 420 964; x_wconf 80' lang='lat' dir='ltr'>verbu</span> <span class='ocrx_word' id='word_1_67' title='bbox 433 909 583 963; x_wconf 78' lang='lat' dir='ltr'>intermisse</span> <span class='ocrx_word' id='word_1_68' title='bbox 593 917 712 964; x_wconf 81' lang='lat' dir='ltr'>retentat.</span> 
     </span>
    </p>

    <p class='ocr_par' dir='ltr' id='par_1_6' title="bbox 66 981 708 1056">
     <span class='ocr_line' id='line_1_12' title="bbox 66 981 708 1056; baseline -0.003 -17"><span class='ocrx_word' id='word_1_69' title='bbox 66 984 145 1039; x_wconf 89' lang='lat' dir='ltr'>Nune</span> <span class='ocrx_word' id='word_1_70' title='bbox 156 983 204 1037; x_wconf 84' lang='lat' dir='ltr'>dea</span> <span class='ocrx_word' id='word_1_71' title='bbox 216 981 327 1056; x_wconf 82' lang='lat' dir='ltr'>linigera</span> <span class='ocrx_word' id='word_1_72' title='bbox 337 983 432 1039; x_wconf 86' lang='lat' dir='ltr'>colitur</span> <span class='ocrx_word' id='word_1_73' title='bbox 441 981 610 1037; x_wconf 84' lang='lat' dir='ltr'>celeberrime</span> <span class='ocrx_word' id='word_1_74' title='bbox 620 985 708 1038; x_wconf 84' lang='lat' dir='ltr'>turba.</span> 
     </span>
    </p>

    <p class='ocr_par' dir='ltr' id='par_1_7' title="bbox 19 1057 864 1343">
     <span class='ocr_line' id='line_1_13' title="bbox 104 1057 798 1130; baseline 0.001 -20"><span class='ocrx_word' id='word_1_75' title='bbox 104 1057 172 1110; x_wconf 88' lang='lat' dir='ltr'>Hine</span> <span class='ocrx_word' id='word_1_76' title='bbox 180 1057 308 1127; x_wconf 80' lang='lat' dir='ltr'><strong>Epaphus</strong></span> <span class='ocrx_word' id='word_1_77' title='bbox 318 1057 409 1130; x_wconf 77' lang='lat' dir='ltr'>magni</span> <span class='ocrx_word' id='word_1_78' title='bbox 420 1057 528 1129; x_wconf 83' lang='lat' dir='ltr'>genitus</span> <span class='ocrx_word' id='word_1_79' title='bbox 538 1057 571 1110; x_wconf 89' lang='lat' dir='ltr'>de</span> <span class='ocrx_word' id='word_1_80' title='bbox 580 1058 682 1111; x_wconf 80' lang='lat' dir='ltr'>semine</span> <span class='ocrx_word' id='word_1_81' title='bbox 693 1057 798 1111; x_wconf 79' lang='lat' dir='ltr'>tandem</span> 
     </span>
     <span class='ocr_line' id='line_1_14' title="bbox 66 1129 761 1200; baseline -0.001 -16"><span class='ocrx_word' id='word_1_82' title='bbox 66 1129 182 1184; x_wconf 78' lang='lat' dir='ltr'>creditur</span> <span class='ocrx_word' id='word_1_83' title='bbox 191 1147 248 1184; x_wconf 86' lang='lat' dir='ltr'>esse</span> <span class='ocrx_word' id='word_1_84' title='bbox 257 1131 341 1185; x_wconf 89' lang='lat' dir='ltr'>lovis:</span> <span class='ocrx_word' id='word_1_85' title='bbox 362 1147 463 1200; x_wconf 81' lang='lat' dir='ltr'>perque</span> <span class='ocrx_word' id='word_1_86' title='bbox 473 1130 552 1183; x_wconf 87' lang='lat' dir='ltr'>urbes</span> <span class='ocrx_word' id='word_1_87' title='bbox 561 1129 649 1183; x_wconf 80' lang='lat' dir='ltr'>iuncta</span> <span class='ocrx_word' id='word_1_88' title='bbox 659 1132 761 1199; x_wconf 78' lang='lat' dir='ltr'>parenti</span> 
     </span>
     <span class='ocr_line' id='line_1_15' title="bbox 67 1201 864 1273; baseline 0.001 -17"><span class='ocrx_word' id='word_1_89' title='bbox 67 1202 164 1273; x_wconf 79' lang='lat' dir='ltr'>temple</span> <span class='ocrx_word' id='word_1_90' title='bbox 175 1210 253 1256; x_wconf 82' lang='lat' dir='ltr'>tenet.</span> <span class='ocrx_word' id='word_1_91' title='bbox 282 1204 345 1255; x_wconf 82' lang='lat' dir='ltr'>Fuit</span> <span class='ocrx_word' id='word_1_92' title='bbox 354 1202 417 1255; x_wconf 88' lang='lat' dir='ltr'>huie</span> <span class='ocrx_word' id='word_1_93' title='bbox 426 1202 524 1253; x_wconf 80' lang='lat' dir='ltr'>animis</span> <span class='ocrx_word' id='word_1_94' title='bbox 532 1201 650 1268; x_wconf 83' lang='lat' dir='ltr'>aequalis</span> <span class='ocrx_word' id='word_1_95' title='bbox 662 1204 774 1256; x_wconf 78' lang='lat' dir='ltr'>eiennis</span> <span class='ocrx_word' id='word_1_96' title='bbox 824 1216 864 1257; x_wconf 72' lang='lat'>750</span> 
     </span>
     <span class='ocr_line' id='line_1_16' title="bbox 19 1270 811 1343; baseline -0.001 -15"><span class='ocrx_word' id='word_1_97' title='bbox 19 1334 21 1339; x_wconf 57' lang='grc'>,</span> <span class='ocrx_word' id='word_1_98' title='bbox 67 1275 122 1330; x_wconf 86' lang='lat' dir='ltr'>sole</span> <span class='ocrx_word' id='word_1_99' title='bbox 138 1283 212 1328; x_wconf 85' lang='lat' dir='ltr'>satus</span> <span class='ocrx_word' id='word_1_100' title='bbox 230 1274 378 1328; x_wconf 75' lang='lat' dir='ltr'>Phaethon:</span> <span class='ocrx_word' id='word_1_101' title='bbox 400 1288 481 1341; x_wconf 88' lang='lat' dir='ltr'>quem</span> <span class='ocrx_word' id='word_1_102' title='bbox 499 1270 635 1340; x_wconf 85' lang='lat' dir='ltr'>quondam</span> <span class='ocrx_word' id='word_1_103' title='bbox 656 1289 753 1343; x_wconf 78' lang='lat' dir='ltr'>magne</span> <span class='ocrx_word' id='word_1_104' title='bbox 772 1274 811 1328; x_wconf 87' lang='lat' dir='ltr'>lo-</span> 
     </span>
    </p>

    <p class='ocr_par' dir='ltr' id='par_1_8' title="bbox 65 1351 863 2579">
     <span class='ocr_line' id='line_1_17' title="bbox 637 1351 733 1412; baseline 0.021 -15"><span class='ocrx_word' id='word_1_105' title='bbox 637 1351 733 1412; x_wconf 79' lang='lat' dir='ltr'>entem,</span> 
     </span>
     <span class='ocr_line' id='line_1_18' title="bbox 68 1360 798 1490; baseline 0.001 -15"><span class='ocrx_word' id='word_1_106' title='bbox 68 1437 117 1475; x_wconf 88' lang='lat' dir='ltr'>nee</span> <span class='ocrx_word' id='word_1_107' title='bbox 127 1418 178 1473; x_wconf 85' lang='lat' dir='ltr'>sibi</span> <span class='ocrx_word' id='word_1_108' title='bbox 189 1418 338 1484; x_wconf 84' lang='lat' dir='ltr'>cedentem,</span> <span class='ocrx_word' id='word_1_109' title='bbox 358 1416 517 1490; x_wconf 78' lang='lat' dir='ltr'>Phoeboque</span> <span class='ocrx_word' id='word_1_110' title='bbox 525 1360 636 1490; x_wconf 60' lang='lat' dir='ltr'>purenqtiel</span> <span class='ocrx_word' id='word_1_111' title='bbox 642 1421 798 1490; x_wconf 83' lang='lat' dir='ltr'>superbum,</span> 
     </span>
     <span class='ocr_line' id='line_1_19' title="bbox 67 1491 808 1565; baseline 0.003 -15"><span class='ocrx_word' id='word_1_112' title='bbox 67 1512 122 1550; x_wconf 90' lang='lat' dir='ltr'>non</span> <span class='ocrx_word' id='word_1_113' title='bbox 132 1492 193 1548; x_wconf 85' lang='lat' dir='ltr'>tulit</span> <span class='ocrx_word' id='word_1_114' title='bbox 202 1491 352 1548; x_wconf 76' lang='lat' dir='ltr'>Inachides:</span> <span class='ocrx_word' id='word_1_115' title='bbox 373 1493 513 1565; x_wconf 80' lang='lat' dir='ltr'>Matrique,</span> <span class='ocrx_word' id='word_1_116' title='bbox 534 1493 579 1558; x_wconf 80' lang='lat' dir='ltr'>eit,</span> <span class='ocrx_word' id='word_1_117' title='bbox 600 1494 688 1548; x_wconf 84' lang='lat' dir='ltr'>omnia</span> <span class='ocrx_word' id='word_1_118' title='bbox 699 1495 808 1551; x_wconf 85' lang='lat' dir='ltr'>demens</span> 
     </span>
     <span class='ocr_line' id='line_1_20' title="bbox 66 1567 719 1641; baseline 0.002 -18"><span class='ocrx_word' id='word_1_119' title='bbox 66 1568 166 1635; x_wconf 83' lang='lat' dir='ltr'>eredis3</span> <span class='ocrx_word' id='word_1_120' title='bbox 187 1575 213 1622; x_wconf 84' lang='lat' dir='ltr'>et</span> <span class='ocrx_word' id='word_1_121' title='bbox 222 1585 250 1622; x_wconf 90' lang='lat' dir='ltr'>es</span> <span class='ocrx_word' id='word_1_122' title='bbox 259 1567 380 1622; x_wconf 82' lang='lat' dir='ltr'>tumidus</span> <span class='ocrx_word' id='word_1_123' title='bbox 388 1567 640 1641; x_wconf 77' lang='lat' dir='ltr'>genitorisimegine</span> <span class='ocrx_word' id='word_1_124' title='bbox 650 1568 719 1624; x_wconf 83' lang='lat' dir='ltr'>fulsi.</span> 
     </span>
     <span class='ocr_line' id='line_1_21' title="bbox 65 1641 863 1714; baseline 0.001 -16"><span class='ocrx_word' id='word_1_125' title='bbox 65 1642 335 1706; x_wconf 82' lang='lat' dir='ltr'>ErubuitPhee&#39;thou,</span> <span class='ocrx_word' id='word_1_126' title='bbox 356 1641 478 1712; x_wconf 79' lang='lat' dir='ltr'>iramque</span> <span class='ocrx_word' id='word_1_127' title='bbox 488 1642 589 1713; x_wconf 88' lang='lat' dir='ltr'>pudore</span> <span class='ocrx_word' id='word_1_128' title='bbox 599 1646 737 1714; x_wconf 82' lang='lat' dir='ltr'>repressit:</span> <span class='ocrx_word' id='word_1_129' title='bbox 823 1657 863 1699; x_wconf 77' lang='lat'>755</span> 
     </span>
     <span class='ocr_line' id='line_1_22' title="bbox 67 1716 741 1789; baseline 0 -17"><span class='ocrx_word' id='word_1_130' title='bbox 67 1725 93 1772; x_wconf 87' lang='lat' dir='ltr'>et</span> <span class='ocrx_word' id='word_1_131' title='bbox 104 1717 162 1772; x_wconf 78' lang='lat' dir='ltr'>tulit</span> <span class='ocrx_word' id='word_1_132' title='bbox 172 1716 205 1771; x_wconf 85' lang='lat' dir='ltr'>ud</span> <span class='ocrx_word' id='word_1_133' title='bbox 215 1716 361 1789; x_wconf 79' lang='lat' dir='ltr'><strong>Clymenen</strong></span> <span class='ocrx_word' id='word_1_134' title='bbox 370 1717 475 1787; x_wconf 85' lang='lat' dir='ltr'>Epaphi</span> <span class='ocrx_word' id='word_1_135' title='bbox 486 1717 605 1771; x_wconf 83' lang='lat' dir='ltr'>convicia</span> <span class='ocrx_word' id='word_1_136' title='bbox 616 1726 741 1772; x_wconf 79' lang='lat' dir='ltr'>matrem:</span> 
     </span>
     <span class='ocr_line' id='line_1_23' title="bbox 67 1789 806 1863; baseline 0.003 -18"><span class='ocrx_word' id='word_1_137' title='bbox 67 1790 180 1862; x_wconf 87' lang='lat' dir='ltr'>Quoque</span> <span class='ocrx_word' id='word_1_138' title='bbox 189 1791 274 1863; x_wconf 78' lang='lat' dir='ltr'>magis</span> <span class='ocrx_word' id='word_1_139' title='bbox 284 1789 382 1854; x_wconf 80' lang='lat' dir='ltr'>doleas,</span> <span class='ocrx_word' id='word_1_140' title='bbox 397 1791 527 1862; x_wconf 84' lang='lat' dir='ltr'>genetrix,</span> <span class='ocrx_word' id='word_1_141' title='bbox 542 1790 592 1844; x_wconf 83' lang='lat' dir='ltr'>eit:</span> <span class='ocrx_word' id='word_1_142' title='bbox 614 1790 717 1863; x_wconf 80' lang='lat' dir='ltr'>illeego</span> <span class='ocrx_word' id='word_1_143' title='bbox 730 1790 806 1857; x_wconf 84' lang='lat' dir='ltr'>liber,</span> 
     </span>
     <span class='ocr_line' id='line_1_24' title="bbox 66 1862 708 1934; baseline 0.003 -16"><span class='ocrx_word' id='word_1_144' title='bbox 66 1863 282 1919; x_wconf 84' lang='lat' dir='ltr'>illeieroxtaeui.</span> <span class='ocrx_word' id='word_1_145' title='bbox 312 1863 395 1918; x_wconf 75' lang='lat' dir='ltr'>Pudet</span> <span class='ocrx_word' id='word_1_146' title='bbox 408 1862 708 1934; x_wconf 81' lang='lat' dir='ltr'>heecopprobrienobis</span> 
     </span>
     <span class='ocr_line' id='line_1_25' title="bbox 66 1937 628 2010; baseline 0 -17"><span class='ocrx_word' id='word_1_147' title='bbox 66 1937 153 1993; x_wconf 82' lang='lat' dir='ltr'>etdiei</span> <span class='ocrx_word' id='word_1_148' title='bbox 163 1938 289 2010; x_wconf 82' lang='lat' dir='ltr'>potuisse,</span> <span class='ocrx_word' id='word_1_149' title='bbox 310 1944 336 1991; x_wconf 84' lang='lat' dir='ltr'>et</span> <span class='ocrx_word' id='word_1_150' title='bbox 346 1955 399 1992; x_wconf 88' lang='lat' dir='ltr'>non</span> <span class='ocrx_word' id='word_1_151' title='bbox 409 1938 526 2007; x_wconf 84' lang='lat' dir='ltr'>potuisse</span> <span class='ocrx_word' id='word_1_152' title='bbox 536 1937 628 1993; x_wconf 80' lang='lat' dir='ltr'>refelli.</span> 
     </span>
     <span class='ocr_line' id='line_1_26' title="bbox 66 2010 862 2082; baseline -0.001 -16"><span class='ocrx_word' id='word_1_153' title='bbox 66 2011 149 2077; x_wconf 66' lang='lat' dir='ltr'>Anu,</span> <span class='ocrx_word' id='word_1_154' title='bbox 170 2012 194 2066; x_wconf 83' lang='lat' dir='ltr'>si</span> <span class='ocrx_word' id='word_1_155' title='bbox 203 2011 282 2066; x_wconf 87' lang='lat' dir='ltr'>modo</span> <span class='ocrx_word' id='word_1_156' title='bbox 291 2028 353 2065; x_wconf 82' lang='lat' dir='ltr'>eum</span> <span class='ocrx_word' id='word_1_157' title='bbox 363 2010 467 2065; x_wconf 82' lang='lat' dir='ltr'>coelesti</span> <span class='ocrx_word' id='word_1_158' title='bbox 477 2012 558 2082; x_wconf 86' lang='lat' dir='ltr'>stirpe</span> <span class='ocrx_word' id='word_1_159' title='bbox 567 2018 680 2077; x_wconf 79' lang='lat' dir='ltr'>creatus,</span> <span class='ocrx_word' id='word_1_160' title='bbox 823 2023 862 2065; x_wconf 77' lang='grc'>777</span> 
     </span>
     <span class='ocr_line' id='line_1_27' title="bbox 66 2084 719 2158; baseline 0 -18"><span class='ocrx_word' id='word_1_161' title='bbox 66 2086 114 2140; x_wconf 91' lang='lat' dir='ltr'>ede</span> <span class='ocrx_word' id='word_1_162' title='bbox 123 2093 212 2141; x_wconf 84' lang='lat' dir='ltr'>notam</span> <span class='ocrx_word' id='word_1_163' title='bbox 221 2085 285 2141; x_wconf 78' lang='lat' dir='ltr'>tenti</span> <span class='ocrx_word' id='word_1_164' title='bbox 295 2085 414 2158; x_wconf 83' lang='lat' dir='ltr'>generis:</span> <span class='ocrx_word' id='word_1_165' title='bbox 435 2102 530 2156; x_wconf 88' lang='lat' dir='ltr'>meque</span> <span class='ocrx_word' id='word_1_166' title='bbox 538 2103 625 2140; x_wconf 83' lang='lat' dir='ltr'>essere</span> <span class='ocrx_word' id='word_1_167' title='bbox 638 2084 719 2142; x_wconf 82' lang='lat' dir='ltr'>coelo.</span> 
     </span>
     <span class='ocr_line' id='line_1_28' title="bbox 67 2159 669 2230; baseline 0.002 -17"><span class='ocrx_word' id='word_1_168' title='bbox 67 2159 148 2224; x_wconf 82' lang='lat' dir='ltr'><strong>Dixit,</strong></span> <span class='ocrx_word' id='word_1_169' title='bbox 168 2166 194 2214; x_wconf 86' lang='lat' dir='ltr'>et</span> <span class='ocrx_word' id='word_1_170' title='bbox 202 2159 335 2230; x_wconf 74' lang='lat' dir='ltr'>implicuit</span> <span class='ocrx_word' id='word_1_171' title='bbox 345 2167 463 2214; x_wconf 82' lang='lat' dir='ltr'>materno</span> <span class='ocrx_word' id='word_1_172' title='bbox 473 2159 579 2215; x_wconf 81' lang='lat' dir='ltr'>brachie</span> <span class='ocrx_word' id='word_1_173' title='bbox 589 2159 669 2214; x_wconf 84' lang='lat' dir='ltr'>eollo:</span> 
     </span>
     <span class='ocr_line' id='line_1_29' title="bbox 66 2233 809 2305; baseline 0.001 -19"><span class='ocrx_word' id='word_1_174' title='bbox 66 2250 167 2304; x_wconf 88' lang='lat' dir='ltr'>perque</span> <span class='ocrx_word' id='word_1_175' title='bbox 185 2249 280 2298; x_wconf 82' lang='lat' dir='ltr'>suum,</span> <span class='ocrx_word' id='word_1_176' title='bbox 301 2233 470 2305; x_wconf 81' lang='lat' dir='ltr'>Meropisque</span> <span class='ocrx_word' id='word_1_177' title='bbox 487 2240 580 2305; x_wconf 78' lang='lat' dir='ltr'>caput.</span> <span class='ocrx_word' id='word_1_178' title='bbox 604 2233 746 2304; x_wconf 81' lang='lat' dir='ltr'>taedasque</span> <span class='ocrx_word' id='word_1_179' title='bbox 764 2250 809 2287; x_wconf 81' lang='lat' dir='ltr'>se-</span> 
     </span>
     <span class='ocr_line' id='line_1_30' title="bbox 597 2324 698 2372; baseline 0 -12"><span class='ocrx_word' id='word_1_180' title='bbox 597 2324 698 2372; x_wconf 85' lang='lat' dir='ltr'>rorum,</span> 
     </span>
     <span class='ocr_line' id='line_1_31' title="bbox 67 2378 678 2452; baseline 0.002 -19"><span class='ocrx_word' id='word_1_181' title='bbox 67 2378 193 2444; x_wconf 81' lang='lat' dir='ltr'>traderet,</span> <span class='ocrx_word' id='word_1_182' title='bbox 212 2380 310 2445; x_wconf 78' lang='lat' dir='ltr'>oravit,</span> <span class='ocrx_word' id='word_1_183' title='bbox 331 2379 387 2433; x_wconf 85' lang='lat' dir='ltr'>veri</span> <span class='ocrx_word' id='word_1_184' title='bbox 397 2379 449 2434; x_wconf 87' lang='lat' dir='ltr'>sibi</span> <span class='ocrx_word' id='word_1_185' title='bbox 462 2380 539 2452; x_wconf 81' lang='lat' dir='ltr'>signa</span> <span class='ocrx_word' id='word_1_186' title='bbox 551 2380 678 2450; x_wconf 80' lang='lat' dir='ltr'>parentis.</span> 
     </span>
     <span class='ocr_line' id='line_1_32' title="bbox 66 2452 805 2536; baseline -0.001 -30"><span class='ocrx_word' id='word_1_187' title='bbox 66 2452 232 2526; x_wconf 78' lang='lat' dir='ltr'>Ambiguum</span> <span class='ocrx_word' id='word_1_188' title='bbox 254 2461 307 2518; x_wconf 84' lang='lat' dir='ltr'>est,</span> <span class='ocrx_word' id='word_1_189' title='bbox 338 2452 466 2526; x_wconf 85' lang='lat' dir='ltr'>Clymene</span> <span class='ocrx_word' id='word_1_190' title='bbox 484 2453 607 2524; x_wconf 81' lang='lat' dir='ltr'>precibus</span> <span class='ocrx_word' id='word_1_191' title='bbox 627 2452 805 2536; x_wconf 63' lang='lat' dir='ltr'>Rhaithont1s,</span> 
     </span>
     <span class='ocr_line' id='line_1_33' title="bbox 598 2537 861 2579; baseline 0.004 -1"><span class='ocrx_word' id='word_1_192' title='bbox 598 2542 680 2579; x_wconf 76' lang='lat' dir='ltr'>unire</span> <span class='ocrx_word' id='word_1_193' title='bbox 821 2537 861 2579; x_wconf 79' lang='grc'>765</span> 
     </span>
    </p>
   </div>
   <div class='ocr_carea' id='block_1_3' title="bbox 67 2597 734 2674">
    <p class='ocr_par' dir='ltr' id='par_1_9' title="bbox 67 2597 734 2674">
     <span class='ocr_line' id='line_1_34' title="bbox 67 2597 734 2674; baseline -0.004 -21"><span class='ocrx_word' id='word_1_194' title='bbox 67 2605 137 2655; x_wconf 82' lang='lat' dir='ltr'>motu</span> <span class='ocrx_word' id='word_1_195' title='bbox 146 2600 233 2674; x_wconf 78' lang='lat' dir='ltr'>magis</span> <span class='ocrx_word' id='word_1_196' title='bbox 242 2597 305 2654; x_wconf 86' lang='lat' dir='ltr'>dieti</span> <span class='ocrx_word' id='word_1_197' title='bbox 315 2599 367 2656; x_wconf 86' lang='lat' dir='ltr'>sibi</span> <span class='ocrx_word' id='word_1_198' title='bbox 376 2598 516 2664; x_wconf 64' lang='lat' dir='ltr'>criminis,</span> <span class='ocrx_word' id='word_1_199' title='bbox 531 2598 734 2668; x_wconf 54' lang='lat' dir='ltr'>uuuqueuueiu</span> 
     </span>
    </p>
   </div>
   <div class='ocr_carea' id='block_1_4' title="bbox 0 0 943 2940">
    <p class='ocr_par' dir='ltr' id='par_1_10' title="bbox 0 0 943 2940">
     <span class='ocr_line' id='line_1_35' title="bbox 0 0 943 2940; baseline 0 0"><span class='ocrx_word' id='word_1_200' title='bbox 0 0 943 2940; x_wconf 95' lang='lat' dir='ltr'> </span> 
     </span>
    </p>
   </div>
  </div>
 </body>
</html>
