1874 2940
184 147 562 195 METAMORPHOSEON
583 149 654 194 LIB.
675 150 694 193 1.
774 144 805 196 15

59 246 232 320 aethereoque
240 263 331 302 reeens
340 247 440 302 exarsit
447 248 533 302 sidere
544 246 639 316 limus;

57 322 176 394 plurima
184 320 298 378 cultores
308 322 394 378 versis
403 321 530 376 animulis
538 321 623 395 glebis
821 333 859 378 445

58 397 215 463 inveniunt,
235 403 261 452 ei
277 395 307 452 in
324 395 369 453 his
387 396 520 468 quaedam
538 397 617 482 mono
639 408 728 469 eoeptn
747 416 793 469 per

593 488 684 542 ipsum

60 543 186 601 nascendi
194 545 327 617 spatium,
347 545 479 618 quaedam
490 543 651 618 imperfecta,
672 545 784 617 suisque

27 622 31 627 ’
59 626 152 674 trunoe
160 619 253 675 vident
262 621 396 676 numeris:
416 627 443 675 et
451 620 542 676 eodem
552 637 661 692 eorpore
670 637 748 692 saepe

59 692 298 765 altempsrsvivit,
318 694 395 751 rudis
404 693 605 766 estparsaltera
618 693 708 750 tellus,

59 766 801 841 Quippeuhitemperiemsumsershumorqueenlorque,
820 778 858 823 434

58 841 226 912 concipiunt:
246 851 272 897 et
281 843 368 898 abhis
377 843 501 898 oriuntur
510 850 605 898 cuneis
616 843 732 898 duobus.

58 915 204 988 Quumque
212 916 247 971 sii
258 916 330 991 ignis
342 934 428 990 equae
435 929 561 991 pugnam
582 933 665 988 vnpor
674 917 804 972 humidus

592 1008 686 1047 omnes

58 1080 100 1118 res
112 1071 197 1129 creat,
218 1071 244 1119 et
252 1064 352 1121 dissors
363 1065 502 1122 eoncordia
511 1064 625 1121 foetibus
634 1073 694 1137 apis
705 1074 753 1120 est.

57 1138 129 1211 Ergo
138 1138 186 1193 ubi
196 1137 299 1195 diluvio
308 1138 387 1194 tellus
398 1138 528 1194 lutulenta
537 1140 634 1193 recenti

58 1211 162 1267 solibus
172 1212 294 1266 aetheriis
304 1212 410 1282 altoque
418 1210 556 1265 recanduit
565 1219 653 1277 sestu3
820 1220 858 1266 434

58 1285 141 1339 edidit
150 1286 306 1338 innumeras
316 1284 430 1353 species:
451 1282 602 1352 partimque
611 1283 710 1355 figuras

60 1356 176 1411 reddidit
186 1357 324 1427 antiquas;
345 1356 443 1427 partim
452 1372 520 1410 nova
530 1363 648 1411 monstra
657 1357 764 1412 creavit.

60 1428 109 1484 Illa
119 1428 229 1500 quidem
239 1428 327 1495 nollet,
344 1429 391 1484 sed
401 1436 426 1484 te
435 1446 552 1503 quoque,
563 1430 680 1487 maxime
688 1431 801 1507 Python,

60 1512 118 1559 tum
126 1502 234 1578 genuit:
254 1503 414 1577 populisque
424 1505 510 1572 novis,
530 1505 664 1580 incognita
673 1523 790 1582 serpens,

60 1588 143 1635 terror
151 1594 224 1634 eras:
245 1586 348 1635 tantum
358 1579 437 1651 spatii
447 1578 481 1635 de
490 1588 579 1636 monis
592 1583 708 1638 tenebas.
817 1594 856 1639 440

59 1656 133 1709 Hane
142 1652 208 1708 dens
218 1654 379 1721 arcitenens,
399 1663 425 1710 et
436 1673 577 1728 nunquam
587 1657 686 1712 talibus
695 1663 777 1714 armis

60 1737 134 1794 ants,
156 1729 208 1783 nisi
218 1728 246 1784 in
255 1728 341 1784 demis
351 1730 507 1803 capreisque
516 1730 672 1805 fugacibus,
693 1751 770 1797 usus,

59 1802 133 1857 mille
141 1819 249 1874 gravem
260 1803 333 1870 telis,
353 1805 483 1861 exhausta
493 1823 578 1878 paene
588 1807 719 1878 pharetra,

58 1876 188 1949 perdidit,
208 1877 291 1933 effuso
300 1895 348 1950 per
359 1879 470 1935 vulnera
479 1881 556 1955 nigra
569 1898 680 1937 veneno.

58 1953 130 2007 Neve
139 1952 225 2023 operis
235 1951 333 2007 famam
342 1962 431 2026 posset
439 1954 526 2011 delere
538 1963 664 2020 vetustas,
817 1961 856 2005 445

59 2026 174 2081 instituit
182 2042 270 2082 sacros
280 2027 376 2083 celebri
386 2030 529 2084 certamine
539 2028 626 2095 ludos,

57 2099 167 2186 Pythia,
187 2100 220 2155 de
228 2100 343 2158 domitae
354 2102 485 2175 serpentis
494 2105 603 2159 nomine
612 2102 706 2158 dictes.

60 2176 106 2228 His
118 2175 246 2230 iuvenum
256 2177 412 2249 quicunque
423 2195 506 2233 manu
516 2178 664 2249 pedibusve
675 2182 762 2230 rotave

58 2249 169 2314 viserat,
190 2249 323 2305 aesculeae
331 2251 450 2324 capiebat
459 2250 561 2307 frondis
574 2251 711 2306 honorem.

58 2322 183 2378 Nondum
194 2323 286 2379 laurus
296 2333 364 2393 ernt3
385 2325 517 2398 longoque
527 2325 644 2379 decentia
655 2320 727 2374 crine
816 2325 855 2370 45⁰

58 2405 175 2468 tempora
185 2398 308 2472 cingebat
317 2398 351 2452 ds
360 2398 479 2469 qualibet
491 2399 583 2452 arbore
592 2394 723 2450 Phoebus.

96 2472 202 2526 Primus
212 2489 287 2526 amor
295 2472 394 2528 Phoebi
404 2471 514 2541 Daphne
524 2470 633 2533 Pens'ia;
654 2478 735 2535 quem
747 2477 800 2516 non

58 2544 113 2599 fors
126 2547 219 2618 ignara
228 2543 312 2609 dedit,
334 2545 380 2599 sed
389 2561 467 2597 saeva
476 2540 618 2610 Cupidinis
628 2539 676 2590 irn.

54 2617 228 2673 Deh‘nshnne
237 2634 334 2689 nuper,
355 2617 427 2673 victa
438 2610 716 2690 serpentesnnerhnsr
