1874 2940
118 103 168 160 200
304 105 334 152 P·
355 103 482 154 ovmn
499 105 666 155 monus

120 209 175 264 filia
187 205 309 273 restabat,
331 224 384 263 neu
394 203 440 264 illo
448 205 530 281 digne
542 213 659 280 parente.

120 285 194 340 Hane
211 299 320 356 quoque
338 282 431 339 vendit
450 282 538 354 inops.
576 281 725 339 Dominum
746 303 869 362 μω

251 390 256 397 -
598 364 719 414 recusat:

121 442 147 490 et
158 433 247 490 vicine
256 450 320 489 sues
334 432 444 489 tendens
454 447 535 504 super
542 447 656 504 aequora
664 430 788 504 palmas,
878 490 880 503 1

68 520 107 564 85⁰
121 509 201 581 Eripe
211 526 255 564 me
262 508 381 574 domino,
402 508 450 580 qui
460 505 675 579 raptaepreemie
688 508 774 566 uobis
878 514 880 601 j

122 583 284 659 virginitatis
294 583 386 648 hebes,
408 583 453 639 eit.
482 583 552 638 Heee
560 583 702 653 Neptunus
714 583 848 656 hubehm

122 660 171 732 qui
181 675 258 730 preee
270 674 323 713 non
333 663 430 728 spreta,
452 657 578 730 quamvis
587 655 666 712 modo
676 656 738 713 visa
747 664 869 736 sequenti

123 732 274 797 eseethero‚
294 730 461 802 formamque
471 738 560 797 novat,
580 729 745 803 vultumque
753 738 861 796 viritem

123 807 221 870 induit,
241 812 267 859 et
275 804 364 861 cultus
372 805 459 877 pisees
468 806 635 878 capientibus
645 812 731 878 aptes.

70 892 109 936 855
124 882 198 935 Hane
207 879 334 934 domiuus
343 887 475 952 spectans,
496 880 576 954 Oqui
584 880 728 952 pendentia
737 900 830 955 parvo

124 953 345 1022 sessiunculas,
366 954 672 1021 moderatorumudiuis‚
693 956 799 1030 inquit,

124 1031 246 1086 siemare
253 1031 440 1104 compositum,
461 1031 501 1087 sie
509 1033 544 1087 sit
553 1031 602 1086 tibi
611 1031 694 1103 piseis
703 1031 733 1086 in
743 1036 822 1092 undu

124 1105 258 1173 credulus,
279 1114 305 1162 et
314 1105 414 1174 nullos,
435 1106 579 1172 nieifixue,
600 1104 820 1168 sentiuthumos:

125 1200 194 1256 quae
203 1183 282 1239 modo
290 1199 352 1238 eum
361 1183 411 1240 vili
422 1182 535 1239 turbatis
546 1187 618 1237 veste
626 1179 731 1251 cupillis

71 1269 110 1313 tto
126 1258 211 1315 littere
220 1258 248 1314 in
258 1259 308 1315 hoe
316 1266 430 1324 steterat,
442 1257 515 1331 (nam
525 1263 638 1312 stantem
648 1256 676 1311 in
685 1254 775 1314 littore
785 1262 864 1337 vidi.)

125 1333 283 1389 dieubisit:
304 1333 472 1406 nequeenim
482 1331 595 1407 vestigia
605 1329 713 1403 longius
723 1342 843 1393 exstant.

126 1405 174 1462 Ille
183 1406 225 1462 dei
235 1424 336 1462 munus
346 1410 413 1464 bene
422 1407 513 1464 eedere
522 1406 619 1464 senuit:
640 1413 728 1461 etese

126 1498 155 1536 se
163 1480 255 1552 quaeri
264 1481 393 1554 gaudens,
414 1481 457 1536 his
468 1490 508 1538 est
516 1488 634 1538 resecuta
643 1488 799 1554 regentem:
868 1510 873 1531 =

126 1553 257 1625 Quisquis
267 1570 305 1618 es,
327 1554 335 1607 i
356 1573 463 1624 noseus3
484 1557 513 1612 in
524 1556 627 1614 nullam
637 1554 741 1612 iumine
750 1569 858 1630 purtem

73 1641 112 1686 555
165 1628 232 1702 rgite
241 1627 275 1683 ab
284 1571 413 1695 becilini,
434 1628 577 1704 studioque
585 1638 707 1702 operatus
717 1629 837 1690 inhaesi.
869 1660 872 1667 ·

126 1646 239 1777 {imque
248 1703 340 1760 minus
349 1704 464 1772 dubites,
487 1705 527 1762 sie
535 1705 584 1762 hes
593 1705 660 1761 deus
669 1707 874 1777 aequorisarte

127 1779 246 1847 adiuvet,
267 1787 298 1837 ut
309 1797 387 1838 nemo
396 1781 554 1839 iamdudum
566 1781 651 1837 littore
659 1780 688 1835 in
698 1780 758 1847 isto,

127 1870 171 1908 me
180 1861 268 1911 tumen
276 1864 398 1929 excepto,
420 1873 468 1912 nee
477 1855 576 1913 femine
586 1855 702 1911 constitit
710 1853 777 1912 ulle.

128 1927 258 1999 Credidit3
278 1938 304 1986 et
313 1948 390 1986 verso
399 1930 526 1986 dominus
535 1930 602 2002 pede
606 1929 707 2059 fressit
718 1947 846 2005 arenam

73 2013 113 2057 utu
127 2001 273 2076 elususque
281 2004 356 2059 abiit.
386 2003 425 2059 Illi
437 2021 487 2060 sue
496 2004 596 2060 reddite

127 2076 177 2134 Ast
184 2079 232 2133 ubi
242 2077 338 2133 hebere
347 2095 424 2134 suem
436 2078 603 2134 transformia
613 2097 721 2152 eorporu
731 2084 827 2150 sensit.

127 2169 205 2224 saepe
215 2158 290 2225 puter
298 2151 414 2208 dominis
423 2153 562 2226 Triopeida
572 2155 692 2211 tradidit:
713 2155 760 2211 illa

128 2245 202 2284 nune
219 2243 298 2300 eque,
321 2245 395 2283 nune
413 2227 482 2295 ales,
505 2228 584 2287 modo
600 2229 659 2295 bos,
680 2231 759 2288 modo
777 2249 876 2291 cervus

127 2378 322 2452 praebebatque
334 2377 413 2435 avido
426 2396 481 2434 nou
489 2378 559 2436 iuste
569 2378 694 2438 elimenta
703 2382 817 2454 parenti.
855 2391 863 2407 “

73 2463 113 2507 515
127 2454 175 2510 Vis
185 2462 274 2510 tamen
286 2453 332 2510 ille
341 2452 405 2509 meli
415 2461 557 2526 postquem
570 2463 752 2513 consumserat
764 2474 876 2515 omnem

128 2531 275 2598 materiam,
296 2529 455 2602 dederetque
463 2531 539 2603 gravi
550 2549 618 2587 nova
627 2530 726 2605 pabula
736 2533 844 2601 morb03

129 2603 187 2677 ipse
195 2622 259 2661 suos
269 2612 341 2660 artus
353 2602 437 2661 luceto
445 2603 570 2662 divellere
579 2624 671 2664 morsu

617 2022 690 2062 orme
700 2013 749 2060 est.
