1874 2940
167 142 544 188 METAMORPHOSEON
563 144 631 188 me.
652 145 685 188 x.
747 136 797 192 227

54 242 199 315 veriloqui
209 241 310 309 sinitis3
332 239 458 307 nonhue,
478 248 596 313 utopaca
605 243 722 298 viderem
826 257 851 299 20

55 320 172 382 Tartara,
192 315 329 384 deseendi5
350 332 399 370 nee
407 315 447 370 uti
457 313 551 370 villosa
559 315 675 370 eolubris

55 402 128 448 terna
138 390 273 448 Medusaei
282 389 410 446 vincirem
419 396 527 465 guttura
537 390 662 445 monstri:

56 484 151 532 caussa
160 466 219 521 viae
228 472 267 521 eet
276 465 384 531 eeniux,
403 465 432 521 in
442 483 525 539 quam
538 463 635 520 calcata
644 481 778 522 venenum

55 542 148 614 vipera
157 539 272 606 diffudit,
291 546 491 613 crescentesque
500 538 611 596 abstulit
620 556 714 595 annos.

56 620 137 673 Posse
144 616 199 688 pati
209 615 297 673 volui:
318 631 367 669 nee
376 632 419 669 me
427 622 541 671 tentasse
551 615 662 689 negabo.
829 628 854 670 25

55 693 126 750 vicit
134 693 226 747 Amor.
246 689 347 761 Supera
355 688 421 745 deus
433 690 478 745 hie
488 691 556 746 bene
565 697 644 746 notus
653 691 682 746 in
691 708 736 747 ora
744 697 797 746 est:

56 787 91 824 an
102 768 138 823 sit
146 774 172 821 et
180 766 234 835 hie,
245 765 352 821 dubito:
363 764 410 819 sed
418 773 444 820 et
449 765 495 821 hie
504 773 592 822 tamen
603 784 720 841 auguror
727 783 798 822 esse:

56 843 181 916 famaque
191 840 215 895 si
227 840 324 895 veteris
334 857 388 894 non
398 847 438 895 est
447 841 556 897 mentita
565 841 682 913 rapinae,

57 936 106 973 vos
115 933 225 990 quoque
233 913 323 970 iunxit
332 912 423 969 Amor.
452 915 502 971 Per
511 934 560 991 ego
574 916 639 972 haee
653 916 710 974 loca
723 917 802 991 plena

551 991 665 1059 timoris,

58 1081 106 1138 per
115 1064 201 1120 Chaos
210 1065 261 1120 hoe
270 1064 375 1138 ingens,
394 1063 516 1136 vastique
526 1063 630 1121 silentia
640 1068 725 1140 regni,
832 1078 857 1121 ee

58 1137 215 1212 Eurydices,
237 1157 292 1205 oro,
312 1145 449 1210 properata
462 1138 569 1194 retexite
578 1139 633 1195 fila.

60 1213 157 1270 Omnia
167 1212 297 1270 debentur
305 1213 397 1268 vobis:
417 1211 584 1285 paulumque
594 1216 697 1280 morati,

60 1288 147 1343 serius
158 1295 204 1342 aut
212 1289 293 1345 citius
302 1287 393 1343 eedem
402 1304 576 1360 properamus
586 1287 620 1343 ad
630 1306 723 1344 unam.

60 1361 205 1418 Tendimus
224 1363 278 1420 hue
294 1379 402 1428 omnes,
434 1362 498 1418 haee
516 1370 556 1419 est
576 1362 673 1419 domus
694 1362 802 1423 ultima:

554 1456 588 1495 vo
641 1456 656 1495 e

60 1510 174 1567 humani
181 1513 285 1585 generis
295 1512 452 1587 longissima
461 1529 542 1587 regna
551 1456 655 1570 tenseiiz.
834 1527 859 1570 35

60 1587 130 1641 Heee
139 1602 256 1659 quoque,
270 1606 356 1660 quum
367 1589 451 1644 iustos
459 1595 563 1645 matura
572 1591 701 1664 peregerit
709 1608 803 1657 annos,

61 1661 129 1716 iuris
139 1661 188 1717 erit
197 1664 288 1720 vestri.
317 1664 368 1720 Pro
377 1681 488 1720 munere
497 1665 633 1735 poscimus
646 1683 737 1720 usum.

63 1735 140 1804 Quod
150 1737 173 1792 si
182 1735 235 1793 fate
244 1750 343 1813 negant
352 1739 457 1794 veniam
466 1756 515 1810 pro
523 1739 645 1812 coniuge,
656 1747 757 1795 certum
766 1749 805 1796 est

32 1868 35 1873 ,
61 1810 133 1868 nolle
142 1812 228 1869 redire
237 1813 319 1869 mihi:
341 1812 392 1870 leto
400 1812 512 1887 gaudete
521 1812 646 1870 duorum.

61 1887 134 1944 Talia
143 1887 284 1954 dicentem,
305 1904 455 1962 nervosque
464 1887 498 1943 ad
507 1888 587 1944 verba
599 1895 758 1946 moventem.
835 1899 860 1944 aa

60 1982 210 2038 exsangues
221 1962 320 2019 flebant
329 1964 447 2020 animae:
469 1979 518 2018 nec
526 1964 653 2019 Tantalus
663 1965 763 2021 undam

60 2039 175 2111 captavit
184 2038 318 2112 refugam:
340 2039 497 2111 stupuitque
505 2038 605 2095 Ixionis
615 2041 702 2096 orbis:

61 2129 110 2165 neo
122 2129 242 2183 carpsere
250 2114 324 2169 ieeur
333 2115 467 2170 volucres:
489 2114 620 2186 urnisque
629 2124 757 2171 vacarunt

61 2184 178 2240 Belides:
198 2187 282 2259 inque
292 2196 337 2245 tuo
345 2189 447 2255 sedisti,
468 2186 592 2261 Sisyphe,
613 2207 686 2245 saxo.

63 2260 133 2312 Tum
142 2261 260 2329 primum
271 2261 388 2319 lacrimis
397 2265 529 2321 victarum
539 2264 657 2318 carmine
666 2262 737 2318 fama
746 2269 787 2317 est
836 2272 861 2318 45

62 2332 245 2389 Eumenidum
255 2335 391 2394 maduisse
399 2356 493 2414 genae.
522 2337 577 2391 Nee
588 2337 661 2409 regia
670 2337 770 2392 coniux

64 2407 179 2464 sustinet
187 2409 282 2474 oranti,
303 2415 407 2484 necqui
416 2413 484 2487 regit
495 2411 559 2476 ima,
579 2429 597 2466 n
632 2428 689 2465 are:

63 2481 270 2556 Eurydicenque
278 2494 382 2542 vocant.
411 2486 526 2544 Umbras
536 2493 591 2541 erat
600 2484 772 2542 ilareeentes

64 2562 146 2614 inter:
167 2565 193 2612 et
202 2557 311 2614 incessit
319 2577 401 2632 passu
410 2563 444 2618 de
454 2561 562 2618 vulnere
572 2559 656 2616 tardo.

64 2637 138 2692 Hanc
148 2632 240 2705 simul,
260 2641 286 2692 et
296 2633 381 2714 legem
390 2635 570 2711 Rheieeeiae
577 2634 796 2704 aedwinumx
857 2636 895 2668 xe
