1874 2940
175 153 554 200 METAMORPHOSEON
571 154 640 200 LIB.
661 154 683 200 1.
759 149 788 202 24

54 254 105 307 Bos
115 269 223 323 quoque
233 251 346 307 formosa
356 260 405 308 est.
435 252 554 324 Speciem
564 252 686 307 Saturnia
696 270 799 318 vaccae,

54 326 319 398 quamquaminvita‚
329 328 438 398 probat:
451 328 679 392 necnonetauius,
690 326 801 392 etunde‚

54 417 143 471 quove
153 401 188 454 sit
196 409 324 466 armento,
345 402 400 456 veri
410 402 488 472 quasi
498 400 596 465 nescia,
617 401 730 473 quaerit.

55 475 255 545 Iupitereterra
265 477 381 548 genitam
393 476 533 541 mentitur,
554 483 584 529 ut
593 482 684 529 ructor
815 486 853 528 61⁵

54 548 159 602 desinat
168 548 279 620 inquiri.
309 550 375 603 Petit
389 550 457 604 hane
467 548 590 604 Saturnia
600 566 711 603 munus.

55 621 128 687 Quid
138 621 232 676 faeiat?
259 622 380 688 Crudele,
401 642 465 678 suos
475 623 594 678 addicere
604 640 720 677 amores:

55 695 360 768 nondare,suspeetum.
380 698 468 752 Pudor
477 704 525 762 est,
533 697 580 767 qui
590 696 700 752 suadeat
709 695 796 752 illine:

55 768 120 823 hine
129 769 266 825 dissuadet
275 789 358 827 arnor.
387 772 480 828 Victus
489 769 575 843 pullor
584 778 653 825 esset
665 787 768 826 amore:

56 842 112 908 sed,
134 842 191 899 leve
201 845 224 899 si
235 864 335 900 munus
344 845 430 900 sociae
439 845 598 918 generisque
608 845 713 916 torique
816 855 854 898 62⁰

56 933 134 970 vacca
145 927 294 990 negaretur,
314 927 414 990 poterat
424 937 478 974 non
487 936 566 974 vaoea
575 919 670 975 videri.

56 988 151 1044 Pelliee
163 991 272 1058 donata,
293 1012 345 1048 non
356 994 478 1065 protinus
487 994 561 1048 exuit
569 1010 677 1048 ornnem

56 1063 245 1135 divametum;
265 1067 407 1138 timuitque
417 1069 516 1131 lovem,
536 1075 562 1120 et
572 1067 623 1120 luit
633 1066 711 1120 anxia
721 1065 800 1133 lurti;

57 1136 140 1192 donec
148 1138 313 1195 Arestoridae
322 1141 480 1194 servandam
493 1139 690 1211 tradiditnrgo.

57 1211 172 1265 Centum
182 1211 332 1266 luminibus
342 1214 459 1266 cinctum
470 1218 549 1280 eaput
558 1209 647 1281 Argus
658 1211 786 1265 habehat:
818 1223 856 1264 625

57 1284 121 1337 inde
130 1286 188 1338 suis
199 1285 304 1338 vicibus
313 1284 453 1353 capiebant
462 1283 526 1337 bina
535 1283 665 1352 quietern:

58 1365 159 1410 caetera
168 1357 323 1423 servabant,
343 1364 423 1428 atque
434 1356 461 1412 in
471 1355 582 1411 statione
592 1355 743 1411 manebant.

59 1429 217 1485 Constiterat
225 1447 386 1502 quoeunque
396 1429 461 1496 loeo,
482 1431 616 1503 spectabat
625 1430 659 1484 ad
668 1431 709 1486 10:

58 1511 119 1559 ante
128 1503 265 1572 oeuloslo,
285 1506 539 1577 quamvisaversus,
560 1504 683 1562 hahebat.

57 1579 129 1635 Luce
138 1579 203 1634 sinit
211 1581 298 1651 pasci:
320 1597 405 1652 quum
416 1579 455 1636 sol
465 1580 559 1636 tellure
567 1581 682 1638 subalta
691 1588 741 1647 est,
819 1591 858 1634 ltu

56 1653 167 1719 claudit,
188 1662 213 1708 et
222 1655 333 1731 indigno
341 1655 604 1710 circumdatvincula
614 1654 692 1711 eollo.

57 1729 209 1783 Fraudibus
219 1729 335 1784 arboreis
345 1738 370 1785 et
381 1747 470 1784 amara
480 1730 598 1801 pascitur
611 1729 708 1784 herba:

57 1819 160 1874 proque
169 1810 234 1868 toro,
254 1811 347 1869 terrae,
368 1822 423 1859 non
434 1821 540 1875 semper
549 1821 660 1877 gramen
670 1802 788 1866 habenti,

57 1877 284 1945 incubatinlelix3
311 1877 459 1949 limosaque
469 1877 580 1932 flumina
591 1884 672 1949 potat.

58 1950 106 2006 llla
116 1952 195 2006 etiam
205 1951 320 2023 supplex
332 1952 404 2026 Argo
413 1969 500 2023 quum
510 1952 618 2007 brachia
627 1950 707 2006 vellet
819 1959 858 2003 635

57 2025 174 2091 tendere,
195 2027 361 2092 nonhahuit,
382 2042 452 2097 quae
461 2027 568 2081 brachia
578 2025 695 2081 tenderet
704 2026 790 2098 Argo:

57 2105 84 2154 et
95 2107 187 2156 conata
197 2101 283 2171 queri,
303 2101 424 2174 mugitus
434 2100 516 2154 edidit
524 2117 578 2164 ore,

57 2175 249 2245 pertimuitque
258 2192 347 2239 sonos,
368 2173 529 2245 propriaque
536 2173 660 2229 exterrita
669 2187 733 2227 voee
744 2178 794 2226 est.

58 2247 138 2303 Venit
148 2246 215 2301 etad
225 2249 337 2319 patrias,
358 2248 406 2303 ubi
420 2247 510 2303 ludere
519 2265 597 2319 saepe
606 2247 716 2310 solebat,

58 2320 199 2376 Inachidas
207 2322 293 2393 ripas:
315 2322 622 2393 novaqueuteonspexit
634 2318 746 2375 inuade
820 2323 860 2370 uto

58 2411 169 2460 eornua,
190 2396 336 2465 pertimuit,
357 2412 439 2466 seque
449 2404 582 2450 externata
592 2393 700 2466 refugit.

59 2468 174 2525 Naiades
187 2470 318 2541 ignorant,
340 2470 444 2542 ignorat
452 2478 478 2523 et
487 2471 602 2525 Inachus
613 2469 685 2539 ipse,

60 2543 184 2617 quaesit.
216 2541 251 2596 At
259 2541 304 2597 illa
314 2552 416 2614 patrem
426 2543 557 2615 sequitur,
578 2542 753 2612 sequiturque
763 2556 805 2591 so-

603 2629 704 2668 renes*-
