1874 2940
169 139 548 188 METAMORPHOSEON
565 143 637 188 LIB.
657 145 701 188 IX.
759 138 809 192 203

66 240 189 312 protinus
200 240 306 297 avertit:
327 247 453 313 tergoque
462 257 589 296 onerosus
598 241 721 298 inhaesit.

66 315 94 368 Si
105 332 158 386 qua
168 315 242 381 fides,
254 314 430 389 (nequeenim
440 315 500 371 fieta
509 315 577 369 mihi
586 314 670 389 gloria
681 335 744 373 voce
837 332 863 373 ⁵5

66 389 205 460 quaeritur
211 390 230 462 ς)
248 389 372 461 imposito
381 404 489 460 pressus
500 389 566 444 mihi
576 397 666 444 monte
675 392 793 447 videbar.

66 464 120 518 Vix
130 471 218 519 tamen
228 463 332 519 exserui
343 463 439 520 sudore
448 463 556 520 fluentia
566 463 651 520 multo
678 466 681 471 ’
707 465 710 471 ’

66 538 190 607 brachia3
210 537 694 611 vixeaividurosaeorporenaxus..

66 615 151 668 Instat
159 613 307 679 anhelanti,
328 613 502 687 prohibetque
511 614 738 670 resumerevires':

66 696 92 743 et
101 688 202 743 cervice
210 705 268 744 mea
277 689 386 760 potitur.
415 689 697 763 Tumdeniquetellus
838 702 863 745 aa

65 780 159 836 pressa
166 779 239 836 genu
248 770 338 820 nostro
346 771 400 829 est,
421 771 601 820 etaranasone
610 761 751 821 momordi.

66 837 177 894 Inferior
186 839 292 905 virtute,
313 837 644 910 meaedivertoradartes3

66 913 209 984 elaborque
217 913 289 979 viro,
310 911 420 987 longum
430 910 557 970 formatus
567 915 596 972 in
606 932 731 991 anguem.

66 987 120 1053 Qui
129 995 271 1060 postquam
280 986 362 1043 flexos
371 987 478 1043 sinuavi
486 1006 582 1062 eorpus
592 991 621 1046 in
630 992 721 1060 orbes3

67 1061 731 1135 cumqueiernmovilinguamstridorehisulcam3
838 1077 862 1120 65

66 1136 141 1203 risit,
161 1144 186 1192 et
194 1136 310 1193 illudens
320 1137 588 1211 nostras'Tirynthius
597 1146 680 1193 artes:

67 1211 205 1267 Cunarum
216 1210 290 1268 labor
301 1219 340 1266 est
350 1228 450 1284 angues
459 1228 584 1284 superare
592 1230 722 1278 mearum,

67 1286 149 1341 dixit:
169 1293 203 1354 et,
224 1285 440 1353 utuineasalios‚
459 1285 582 1351 Acheloi,
602 1286 737 1351 maeones,

67 1377 129 1431 pars
139 1367 220 1434 quota
229 1362 359 1416 Lernaeae
369 1378 477 1433 serpens
486 1362 538 1416 erie
547 1359 781 1417 unusEchidnaei

68 1435 230 1491 Vulneribus
240 1433 352 1491 fecunda
365 1436 422 1491 suis
432 1444 487 1492 erat
495 1435 555 1492 illa:
575 1454 623 1492 nee
631 1434 720 1492 ullum
836 1447 861 1491 το

68 1509 101 1565 de
110 1517 218 1566 eentum
227 1527 338 1566 numero
347 1518 426 1582 eaput
435 1520 474 1567 est
482 1511 593 1584 impune
605 1512 730 1578 recisum,

67 1583 136 1656 quin
145 1584 252 1659 gemina
261 1585 352 1641 cervix
360 1586 454 1643 herede
462 1586 590 1643 valentior
601 1594 678 1643 esset.

68 1660 142 1713 Hane
150 1675 200 1733 ego
208 1677 341 1716 ramosam
353 1662 422 1717 natis
431 1679 446 1718 e
454 1661 532 1718 mede
541 1661 666 1728 colubris,

67 1740 281 1808 crescentemque
291 1735 371 1803 malo,
391 1737 498 1803 domui,
518 1737 701 1809 domitamque
709 1736 813 1790 reduxi.

68 1806 141 1874 Quid
150 1805 204 1865 iore
212 1809 347 1876 monadis,
366 1809 464 1867 falsum
475 1812 524 1884 qui
533 1828 627 1867 versus
639 1813 667 1867 in
678 1827 793 1884 anguem
836 1823 861 1864 75

69 1899 142 1938 arma
151 1881 236 1940 aliena
245 1884 354 1942 moves?
371 1903 452 1958 qnam
462 1885 545 1941 forma
554 1886 669 1959 precaria
680 1885 764 1941 celati

68 1958 188 2015 Dixerat:
208 1967 234 2014 et
245 1977 352 2017 summo
363 1961 507 2036 digitorum
516 1961 623 2017 vincula
631 1961 698 2018 eollo

68 2032 163 2088 iniieit.
193 2033 326 2108 Angebar‚
345 2053 394 2091 eeu
402 2044 510 2111 guttura
520 2035 618 2109 forcipe
625 2053 749 2109 pressus:

67 2105 264 2181 pollicibusque
273 2128 345 2166 meaa
354 2112 509 2186 pugnabam
516 2111 627 2167 evellere
638 2111 736 2168 inueei.

67 2181 112 2238 Sic
120 2199 229 2256 quoque
237 2183 339 2242 devicto
349 2187 463 2243 restabat
471 2187 546 2242 tertia
554 2187 623 2242 tauri
721 2204 724 2209 ’
836 2192 860 2233 8⁰

67 2255 152 2313 forma
161 2259 258 2314 trucis:
279 2267 354 2317 tauro
362 2268 482 2317 mutatus
492 2262 620 2329 membra,
642 2257 748 2314 rebelle.

67 2331 158 2388 Induit
165 2333 211 2389 ille
219 2334 308 2390 torisa
320 2334 392 2391 laeva
401 2342 475 2407 parte
484 2335 602 2402 lacertos,

67 2404 271 2480 admissumque
279 2409 386 2465 trahens
398 2410 533 2482 sequitur:
554 2410 731 2480 depressaque
740 2402 806 2458 dura

67 2499 167 2538 cornua
175 2483 233 2556 figit
242 2484 335 2548 huma,
355 2502 452 2556 meque
461 2484 512 2539 alia
522 2484 615 2539 sternit
624 2496 711 2535 arena.

67 2555 361 2613 Neesatishoeiuerat:
381 2558 499 2632 rigidum
510 2557 562 2613 iera
572 2557 676 2611 dextera
686 2558 769 2609 corn'u
837 2562 862 2603 85

67 2632 134 2687 dum
144 2638 223 2698 tenet,
243 2629 365 2706 infregit,
385 2626 790 2707 truncaqueaimmereaexin.
