1874 2940
131 123 181 180 276
310 124 340 171 r.
366 124 493 174 ovrnrr
511 128 678 177 resonis

130 227 262 297 mistaque
271 242 334 282 cum
344 228 414 284 veris
424 230 525 302 passim
534 237 681 287 commenta
691 240 831 304 vagantur

77 316 102 358 55
129 300 374 370 milliar-umerum,
394 303 785 379 confusequeverbavolutnnt.

128 376 150 430 Ε
163 376 264 450 quibus
275 378 305 434 hi
314 398 413 437 vacues
422 379 534 452 implent
544 383 710 438 sermonibus
720 399 816 440 eures:

130 451 160 507 hi
169 461 273 509 narrata
282 455 372 512 ferunt
382 456 448 513 alie:
470 474 649 531 mensuraque
657 457 710 512 fieti

130 530 233 595 crescit,
255 538 281 585 et
293 533 391 587 ruditis
401 531 504 606 aliquid
513 552 599 590 nevus
608 532 698 589 adiicit
706 540 810 589 aucter.

131 603 357 671 nliceredulius,
377 606 433 661 illic
442 611 597 664 temerarius
607 610 696 671 Error,

76 689 102 734 ee
130 696 253 752 vanaque
262 679 371 734 Laetitia
380 687 428 745 est.
448 683 660 750 consternatique
670 681 803 751 Timores,

130 754 278 823 seditieque
287 768 391 821 repens,
412 750 793 823 dubioqueauctereSusurri¹

130 829 189 898 Ipse
201 823 267 896 quid
277 824 305 878 in
317 822 389 878 coelo
398 840 488 878 rerum
498 823 642 897 pelagoque
655 830 763 893 geratur

130 909 156 954 et
166 898 267 961 tellure.
288 896 373 967 videt,
394 904 533 970 totumque
543 895 656 968 inquirit
664 895 692 949 in
703 899 810 963 orbem,

168 974 273 1029 Fecerat
282 972 347 1028 haec
355 980 461 1041 notum,
483 972 576 1029 Graias
585 988 646 1025 cum
657 969 740 1027 milite
749 973 814 1037 torti

77 1061 103 1104 55
131 1048 272 1105 adventare
281 1057 364 1106 rates:
384 1066 471 1124 neque
481 1048 674 1118 inexspectatus
684 1048 713 1101 in
723 1056 809 1110 ermis

131 1124 307 1181 hestisadest.
336 1125 479 1183 Prohibent
488 1121 589 1187 editus,
611 1121 737 1195 littusque
746 1132 866 1190 tuentur

132 1201 227 1258 Trois:
248 1208 273 1256 et
281 1202 404 1257 Hectorea
413 1200 518 1273 primns
528 1195 638 1252 fataliter
648 1198 731 1263 haste,

132 1275 282 1342 Protesilai,
302 1275 389 1332 cedis:
409 1272 604 1346 commissaque
613 1273 712 1346 proelia
722 1291 823 1348 magne

132 1358 204 1408 stent
213 1351 326 1408 Danais:
344 1350 472 1422 fortisque
482 1347 586 1404 animae
596 1367 643 1405 nec
652 1349 774 1422 cognitus
783 1353 885 1414 Hector

78 1434 104 1477 re
132 1442 181 1479 nec
191 1424 426 1499 Phrygesexigue,
445 1422 512 1495 quid
522 1422 620 1480 Achaia
633 1425 738 1481 dextere
747 1438 853 1495 posset,

132 1499 263 1571 sanguine
271 1506 421 1553 senserunt.
449 1498 545 1553 Etiam
556 1498 633 1574 Sigea
642 1498 773 1554 rubebant

133 1569 233 1628 littora:
254 1570 377 1638 iemieto,
397 1572 636 1646 prolesNeptunie,
657 1574 769 1648 Cygnus

132 1645 206 1703 mille
216 1648 286 1705 vires
297 1646 416 1703 dederat:
436 1647 491 1703 iem
502 1666 582 1706 curru
596 1650 709 1705 instabat
719 1648 848 1721 Achilles,

133 1729 239 1797 totaque
248 1722 364 1780 Peliacae
373 1723 504 1779 sternebat
516 1725 635 1797 cuspidis
644 1725 698 1779 ictu

78 1806 105 1850 ts
133 1800 256 1869 agmina,
282 1815 383 1872 perque
403 1797 472 1854 acies
491 1809 536 1855 aut
558 1802 683 1874 Cygnum
702 1806 749 1853 aut
767 1800 879 1860 Hectora

630 1891 741 1929 naerens

133 1946 301 2018 congreditur
310 1947 416 2021 Cygno:
437 1949 571 2005 decimum
581 1893 679 2004 diiletus
689 1951 717 2002 in
727 1966 831 2005 annum

134 2019 300 2076 Hectorerat.
330 2022 399 2077 Tum
408 2023 792 2098 celleingocanentiepresses

133 2094 285 2152 exhortatus
294 2113 386 2169 equos,
407 2117 516 2155 currum
526 2100 622 2154 direxit
631 2099 659 2152 in
669 2099 786 2155 hostem:

134 2171 341 2244 concutiensque
350 2174 408 2229 suis
419 2175 550 2230 vibrantia
559 2173 609 2229 tela
620 2173 731 2239 lacertis,

81 2257 107 2300 st
135 2242 266 2319 Quisquis
274 2264 317 2312 es.
337 2250 483 2316 eiuvenis,
505 2249 587 2315 dixit,
606 2248 724 2305 solamen
734 2249 829 2305 habete

135 2321 243 2387 mortis,
263 2322 450 2382 ahHaemonie
458 2324 532 2398 quod
540 2325 577 2380 sis
588 2324 725 2398 iugulatus
735 2323 847 2378 Achille.
871 2380 874 2385 ,

135 2395 268 2452 Hactenus
276 2396 411 2454 Aeacides.
436 2400 533 2456 Vocem
543 2401 632 2473 gravis
643 2399 818 2454 hastasecuta
827 2409 878 2456 est.

134 2467 361 2545 sedquamqnam
371 2483 439 2532 certe
449 2474 541 2530 nullus
551 2474 601 2530 tuit
611 2492 682 2530 error
690 2474 719 2530 in
731 2473 816 2538 hasta,

136 2544 174 2600 nil
184 2552 273 2603 tamen
282 2550 373 2605 emissi
383 2549 492 2624 prefecit
504 2550 626 2604 acumine
636 2549 711 2602 ferri:

64 2627 98 2671 85
125 2620 812 2706 utquelreteupeetusuntummmeeeneunnum.
