1874 2940
186 133 562 181 HETAMORPHOSEON
581 136 650 179 LIB.
670 135 701 180 11.
773 127 800 180 ll

57 234 202 299 Attonitae,
223 233 404 305 manibusque
412 240 517 288 uterum
527 232 611 287 celare
622 232 728 300 volenti,

58 308 174 381 lprocul
186 307 264 372 hinc,
284 307 361 372 dixit,
382 325 430 362 nec
439 326 526 362 sacros
537 307 625 378 pollue
636 307 728 374 sontes,

59 383 192 458 Cynthia:
212 381 300 454 deque
309 400 359 437 suo
369 382 576 436 iussitsecedere
584 390 670 437 coetu.
821 391 861 438 445

97 458 222 512 Senserat
231 456 281 512 laoc
289 454 354 510 olim
366 456 456 527 magni
466 464 585 510 matrona
594 457 730 522 Tonantis,

59 529 256 601 distuleratque
264 547 360 603 graves
371 531 399 583 in
411 530 502 584 idonea
513 538 628 602 tempora
640 547 748 601 poenas.

60 606 166 662 Caussa
185 620 276 659 morae
295 604 370 659 nulla
388 610 442 659 est:
468 613 495 659 et
512 604 565 659 iam
584 622 652 676 puer
670 605 751 659 Arcas
770 603 808 679 [id

105 726 108 731 .
599 697 690 751 ipsum

60 751 178 810 indoluit
188 752 264 825 luno)
273 751 358 807 iuerat
367 751 401 806 de
410 751 503 824 pellice
513 760 601 810 natus.

60 829 122 896 Quo
131 826 215 883 simul
224 827 338 883 obvertit
346 844 452 882 saevam
463 844 525 881 cum
537 827 637 882 lumine
648 837 778 898 mentem3
823 838 862 885 tro

61 902 170 959 Scilicet
178 902 230 958 hoc
238 901 317 956 etiam
328 901 450 965 restabat,
472 902 599 967 adultera,
619 903 696 969 dixit,

61 984 95 1033 ut
104 976 217 1032 fecunda
228 975 307 1041 iores,
328 977 454 1046 fieretque
464 975 561 1031 iniuria
572 984 649 1048 partu

62 1058 140 1116 nota,
159 1050 284 1122 levisque
293 1050 345 1104 mei
356 1057 478 1104 testatum
487 1051 601 1104 dedecus
611 1058 689 1106 esset.

62 1124 143 1181 Haud
161 1125 274 1196 impune
294 1123 374 1178 lenes:
396 1124 512 1178 adimam
531 1125 580 1178 tibi
601 1142 717 1195 namque
738 1124 810 1198 figu-

599 1215 655 1250 ram

83 1272 193 1337 uatibi,
213 1288 321 1344 quaque
330 1271 417 1343 places
428 1277 517 1324 nostro
527 1238 678 1339 importuni
689 1270 792 1325 marito.
826 1278 865 1324 475

63 1290 152 1411 init,
173 1352 199 1401 et
209 1355 350 1417 arreptam,
370 1345 476 1416 prensis
486 1361 500 1398 a
512 1343 595 1398 fronte
606 1343 720 1415 capillis,

63 1420 245 1478 stravithumi
254 1438 376 1492 pronam.
407 1419 541 1473 Tendebat
550 1420 658 1474 brachia
671 1417 800 1492 supplex:

64 1495 174 1553 brechia
184 1503 329 1567 coeperunt
339 1495 424 1568 nigris
436 1495 584 1550 horrescere
594 1495 676 1561 villis,

65 1569 227 1641 curvarique
237 1587 348 1634 manus,
369 1579 394 1624 et
403 1570 520 1626 aduncos
530 1587 646 1625 erescere
656 1572 684 1625 in
695 1587 809 1644 ungues,

64 1644 207 1716 cilicioque
215 1645 314 1715 pedum
326 1644 372 1698 lun
394 1645 416 1700 i:
439 1644 597 1718 laudataque
606 1645 742 1717 quondam
828 1650 867 1696 tat

64 1737 111 1776 ora
121 1719 188 1784 lovi,
209 1718 261 1774 lato
272 1719 328 1773 fieri
341 1663 468 1774 delirrmia
480 1721 557 1774 rictu.

65 1796 139 1849 Neve
148 1809 239 1864 preces
250 1794 354 1848 animos
364 1802 389 1849 et
400 1795 478 1848 verba
490 1794 622 1864 precantia
632 1793 745 1858 flectant,

65 1866 360 1941 posseloquieripitur.
390 1869 449 1923 Vox
460 1869 595 1933 iracunda,
617 1867 772 1939 minaxque,

64 1943 199 2016 planaque
208 1943 314 1998 terroris
325 1960 403 1997 rauco
415 1943 448 1996 vla
457 1951 565 2015 gutture
579 1942 671 1997 lentur.

65 2019 143 2074 Mens
153 2016 263 2087 antiqua
273 2025 360 2071 tamen
370 2016 435 2071 lacta
446 2035 554 2088 quoque
566 2017 665 2072 mansit
674 2017 702 2071 in
713 2033 788 2070 ursa:
828 2020 868 2066 485

66 2091 231 2162 assiduoque
240 2109 305 2147 suos
314 2095 416 2164 gemitu
428 2099 517 2145 testata
531 2091 644 2156 dolores,

67 2165 270 2238 qualescunque
280 2183 376 2220 manns
387 2165 420 2219 ad
432 2165 536 2220 coelum
546 2176 571 2220 ot
580 2166 666 2220 sidera
680 2163 761 2231 tollit3

67 2240 367 2313 ingratumquelovem,
390 2247 503 2310 nequeat
512 2258 598 2312 quum
608 2239 704 2303 dicere,
723 2237 813 2292 sentit.

68 2313 112 2370 lh
122 2313 236 2385 quoties,
260 2314 316 2368 sola
329 2333 382 2369 non
393 2332 458 2369 ausa
468 2315 604 2386 quiescere
613 2313 690 2377 silva,

69 2396 129 2443 ante
139 2388 251 2442 domum
261 2389 452 2460 quondamque
462 2391 520 2442 suis
529 2388 627 2443 erravit
639 2389 667 2441 in
680 2385 766 2457 agris!
830 2390 869 2437 490

10 2491 13 2496 *
69 2461 104 2518 ah
115 2462 219 2534 quoties
229 2479 276 2532 per
287 2481 351 2517 saxa
361 2481 458 2518 canum
472 2463 609 2517 latratibus
620 2468 675 2514 acta
684 2466 733 2524 est,

69 2538 245 2607 venatrixque
255 2545 328 2592 metu
338 2546 484 2592 venantum
495 2538 582 2591 territa
593 2534 676 2606 lugitl

69 2609 154 2684 Saepe
162 2610 226 2666 ieris
236 2609 313 2667 latuit
322 2611 400 2680 visis,
414 2612 498 2669 oblita
505 2610 666 2685 quidesset:
