1874 2940
140 118 189 170 ⁴36
317 121 348 165 P.
369 119 497 166 ovmtt
514 121 681 167 NASONIS

139 231 165 277 et
174 219 315 295 Nymphae
325 218 436 276 derunt:
457 228 483 275 et
492 220 618 292 quisquis
628 218 765 274 montibus
774 217 830 275 illis

86 310 124 353 555
141 296 326 369 lanigerosque
334 313 429 369 greges
442 303 613 365 armentaque
623 295 718 349 bucera
728 295 811 365 pavit.

140 371 246 426 Fertilis
256 370 408 434 immaduit,
428 368 626 441 madefactaque
637 377 702 423 terra
713 369 826 424 caducas

140 445 260 516 concepit
271 444 403 508 lacrimas,
423 460 454 498 ac
463 443 539 498 venis
549 443 665 514 perbibit
676 443 750 498 imis.

141 520 214 589 Quas
224 520 270 575 ubi
282 519 342 574 lecit
351 535 460 591 aquam,
480 535 578 573 vacuas
588 519 678 572 emisit
690 517 817 574 inauras.

141 595 205 650 lnde
214 603 307 666 petens
316 593 440 663 rapidum
451 592 516 663 ripis
525 591 674 646 declivibus
684 609 793 664 aequor,

86 678 126 725 tot
140 672 246 743 Marsya
252 684 349 724 nomen
355 665 888 740 habet,Phrygiaeliquidissimusamnis.

180 743 290 798 Talibus
304 740 435 812 extemplo
444 741 511 796 redit
520 741 553 795 ad
563 741 709 812 praesentia
723 741 802 797 dictis

142 817 256 891 vulgus:
268 824 293 870 et
302 816 449 870 extinctum
459 832 522 870 cum
531 816 614 886 stirpe
624 815 775 886 Amphiona
785 817 869 892 luget.

141 889 418 948 Materiniovidiaest.
439 890 890 961 llanctunoquoquediciturunus

143 966 219 1022 flesse
229 964 336 1035 Pelops:
348 964 514 1036 humeroque
522 982 586 1018 suas
596 982 626 1018 nc
635 972 739 1035 pectore
745 975 889 1040 postquam

88 1050 127 1097 455
143 1040 253 1096 deduxit
262 1047 357 1104 vestes,
378 1039 445 1094 ebur
454 1039 601 1094 ostendisse
611 1039 729 1094 sinistro.

143 1114 271 1172 Concolor
279 1115 324 1170 hio
333 1115 472 1178 humerus,
495 1113 755 1186 nascenditompore,
767 1114 869 1183 dextro,

143 1208 338 1263 corporeusque
347 1189 407 1245 luit.
437 1189 564 1244 Manibus
573 1205 636 1243 mox
646 1205 720 1243 caesa
735 1191 853 1260 paternis

143 1267 264 1321 membra
277 1264 366 1323 lerunt
376 1265 497 1321 iunxisse
508 1263 580 1330 deos,
603 1263 719 1335 aliisque
728 1265 849 1335 repertis,

143 1341 191 1413 qui
203 1340 276 1397 locus
285 1350 325 1396 est
336 1341 422 1415 iuguli
433 1340 538 1395 madius
548 1339 704 1410 summique
715 1338 814 1404 lacerti,

89 1424 128 1471 tlt
143 1415 237 1471 deluit.
266 1416 424 1486 Impositum
434 1423 474 1469 est
484 1432 537 1469 noo
547 1414 724 1484 comparentis
738 1414 766 1468 in
777 1430 859 1469 usum

143 1490 226 1561 partis
236 1488 317 1543 ebur:
338 1489 459 1562 laetoque
470 1488 563 1560 Pelops
574 1488 624 1543 luit
634 1490 735 1562 integer
745 1487 801 1543 illo.

182 1561 303 1616 Finitimi
313 1579 433 1633 proceres
443 1566 557 1618 coeunt:
579 1564 714 1636 urbesque
723 1562 893 1635 propinquae

144 1652 251 1691 oravere
261 1653 325 1691 suos
335 1637 373 1690 ire
382 1636 415 1691 ad
425 1636 517 1692 solatia
528 1653 613 1710 reges,

144 1709 294 1784 Argosque,
314 1718 340 1765 et
348 1710 448 1782 Sparte,
473 1710 696 1784 Pelopeiadesque
704 1713 838 1786 Mycenae,

91 1792 130 1839 415
146 1791 172 1839 54
182 1785 302 1840 nondum
314 1792 401 1841 torvae
413 1786 532 1862 Calydon
543 1787 629 1841 invisa
642 1788 750 1852 Dianae,

145 1858 379 1989 Orchomenosque
388 1859 469 1928 ferax,
490 1870 515 1917 et
525 1862 624 1918 nobilis
634 1879 693 1916 aere
702 1859 853 1927 Corinthos,

145 1934 319 2006 Messeneque
339 1952 410 2002 erox,
422 1938 576 2008 Patraeque,
589 1937 760 2008 humilesque
769 1935 891 2001 Cleonae,

146 2016 172 2062 et
181 2007 260 2063 Nelea
270 2008 360 2083 PyloS,
386 2029 472 2084 neque
483 2012 571 2066 adhue
584 2012 695 2066 Pittheia
706 2013 837 2066 Troezen:

146 2099 269 2156 quaeque
283 2084 364 2139 urbes
376 2085 442 2141 aliae
451 2087 548 2141 bimari
558 2085 721 2141 clauduntur
736 2086 770 2141 ab
780 2084 892 2150 isthmo,

91 2166 131 2213 tto
146 2157 317 2230 exteriusque
329 2159 394 2213 sitae
404 2161 500 2214 bimari
518 2169 671 2233 spectantur
680 2161 714 2216 ab
724 2160 836 2216 Isthmo,

147 2231 258 2290 Credere
267 2233 331 2306 quis
339 2234 447 2307 posset‘l
464 2235 535 2291 solae
543 2236 667 2291 cessastis
676 2235 805 2291 Athenae.

147 2307 255 2364 Obstitit
264 2308 351 2365 officio
361 2309 471 2375 bellum,
492 2311 672 2382 subvectaque
681 2318 763 2382 ponto

146 2383 261 2439 barbara
271 2384 423 2456 Mopsopios
439 2385 569 2439 terrebant
579 2385 687 2458 agmina
696 2402 799 2442 muros.

148 2457 288 2515 Threicius
298 2461 396 2514 Tereus
407 2460 471 2513 haec
480 2458 657 2514 auxiliaribus
668 2461 750 2514 armis

93 2539 133 2587 425
147 2531 266 2591 fuderat:
288 2544 313 2590 et
322 2534 425 2590 clarum
434 2533 565 2588 vincendo
576 2551 672 2590 nomen
682 2533 806 2589 habebat.

145 2605 232 2666 Duem
241 2608 296 2664 sibi
306 2609 426 2667 Pandion
436 2607 588 2682 opibusque
596 2609 717 2682 virisque
730 2614 862 2681 potentem
