1874 2940
153 123 536 172 METAMORPHOSEON
553 126 626 171 LIB.
646 126 704 173 VH.
753 119 802 174 ll'l

56 228 158 281 Excute
167 226 289 300 virgineo
297 232 435 296 conceptas
443 223 686 296 pertoroilammas‚
760 221 763 226 ’

57 302 81 355 si
91 309 179 373 potes,
200 300 303 356 infelix.
333 298 361 354 Si
369 315 491 371 possam,
512 299 706 357 sanioressem.

57 376 109 432 Sed
119 375 319 432 trahitinvitam
331 373 465 444 novavis3
486 372 614 447 aliudque
622 376 730 448 cupido,

58 469 134 506 mens
144 450 218 507 aliud
228 449 330 506 suadet.
358 448 442 506 Video
451 447 574 516 meliora,
593 450 744 523 proboque:
832 464 857 506 2⁰

58 527 184 582 deteriora
196 543 302 599 sequor,
332 523 405 592 Quid
414 524 444 580 iu
452 524 565 597 hospite.
585 525 753 600 regiavirgo‚

58 604 159 668 ureris,
180 609 205 657 et
215 599 345 657 thalamos
354 598 434 655 alieni
444 599 562 673 ooncipis
571 598 664 657 orbis?
699 638 704 645 -

58 679 128 733 llaec
137 694 245 751 quoque
253 683 321 734 terra
329 682 424 750 potest,
440 675 513 749 quod
525 693 608 742 ames,
621 675 694 806 ilafe.
714 675 801 740 Vivat,

592 768 682 809 anre

59 827 173 897 occidat,
192 828 221 884 in
231 826 274 883 dis
282 835 337 884 est:
357 829 542 896 vivattaman;
563 825 645 900 idque
654 826 756 901 precari

59 903 101 959 vel
111 903 170 959 sino
179 921 268 959 amore
277 901 348 959 licet.
377 901 448 970 Quid
457 903 530 959 euim
539 902 673 958 oommisit
682 896 779 958 Iason?
833 911 858 955 25

60 978 161 1045 Quem,
181 979 234 1034 nisi
244 976 392 1044 crudelem,
412 995 467 1035 non
479 983 569 1052 tangat
577 978 680 1035 Iasonis
690 984 770 1044 aetas,

60 1060 85 1107 et
93 1070 193 1126 genus,
213 1059 239 1106 et
249 1050 354 1108 virtus?
381 1050 468 1122 Quem
480 1069 544 1118 non,
557 1060 588 1107 ut
596 1059 696 1108 caetera
705 1052 801 1114 desint.

60 1127 144 1182 forma
153 1142 258 1181 movere
267 1124 370 1197 potest?
397 1125 472 1182 Certe
482 1143 541 1181 mea
549 1134 653 1198 pectora
663 1127 756 1182 movit.

61 1201 108 1267 At,
128 1200 181 1254 nisi
192 1217 269 1271 opem
279 1198 377 1264 tulero,
398 1207 536 1255 taurorum
546 1198 678 1255 afflabitur
687 1217 744 1255 ore:

61 1281 252 1346 concurretque
261 1290 326 1328 suae
334 1274 431 1346 segeti,
452 1271 545 1328 tallure
556 1274 650 1329 creatis
834 1284 859 1326 ao

61 1350 198 1406 hostibus:
219 1354 266 1403 aut
275 1347 353 1404 avido
362 1347 469 1404 dabitur
478 1347 636 1420 forapraeda
647 1347 765 1403 draooni.

61 1428 117 1481 Hoc
125 1441 174 1496 ego
182 1423 206 1478 si
215 1423 314 1495 patiar,
335 1429 400 1480 tuno
409 1440 452 1478 me
462 1423 496 1479 do
505 1421 601 1498 tigrida
610 1429 709 1488 natam,

62 1510 127 1556 tuna
136 1499 236 1554 ferrum
249 1506 275 1554 et
283 1497 407 1570 soopulos
416 1506 519 1573 gestare
531 1500 561 1554 iu
570 1497 648 1554 oorde
656 1497 766 1554 latebor.

63 1575 118 1632 Cur
128 1592 181 1631 non
190 1582 217 1630 et
225 1581 315 1647 specto
323 1573 496 1646 pereuntem?
513 1572 659 1647 oculosque
667 1572 783 1630 videndo

62 1647 228 1708 oousoelero?
245 1667 294 1706 cur
302 1668 357 1707 non
367 1657 456 1706 tauros
465 1648 588 1706 exhortor
597 1649 626 1705 in
634 1648 724 1715 illum,
834 1660 859 1704 35

62 1727 261 1801 terrigenasque
270 1725 354 1792 feros,
374 1725 576 1798 insopitumque
583 1724 743 1781 draconem?

62 1803 94 1876 Di
104 1802 212 1859 meliora
221 1801 315 1860 velint.
344 1799 515 1874 Quamquam
525 1819 579 1856 non
592 1798 792 1872 imprecanda,

62 1878 110 1934 sed
119 1877 238 1934 facienda
246 1876 326 1932 mihi.
353 1875 501 1933 Prodamne
510 1893 559 1950 ego
568 1892 649 1949 regna
658 1876 784 1947 parentis,

63 1961 142 2028 alque
151 1971 201 2026 ope
210 1953 299 2010 nescio
308 1951 371 2025 quis
381 1952 530 2008 servabitur
538 1950 640 2007 advena
649 1957 749 2015 nostra,

62 2037 108 2096 ut,
127 2045 342 2102 parmosospes‚
362 2027 475 2083 sinemo
486 2024 724 2091 detlinteaventis,
836 2030 862 2078 lo

63 2104 159 2177 virque
167 2104 203 2160 sit
212 2103 333 2172 alterius3
353 2119 452 2175 poenae
461 2101 552 2158 Medea
560 2099 715 2174 relinquar‘.l

64 2177 93 2233 Si
102 2177 186 2233 iacere
195 2179 255 2245 hoo,
276 2177 389 2234 aliamve
397 2184 483 2250 potest
490 2193 651 2250 praeponere
661 2175 749 2240 nobis,

65 2252 166 2308 occidat
175 2252 307 2326 ingratus.
335 2251 451 2309 Sednon
461 2253 485 2307 is
494 2251 588 2308 vultus
597 2251 626 2307 in
635 2250 693 2316 illo,

65 2343 119 2383 non
129 2343 159 2381 ea
169 2326 293 2382 nobilitas
303 2326 393 2383 animo
401 2333 451 2393 ost,
471 2327 595 2400 eagratia
604 2325 713 2389 formae,

65 2408 96 2457 ut
105 2402 214 2456 timeam
224 2399 359 2467 fraudem,
380 2401 522 2475 meritique
530 2400 629 2458 oblivia
639 2400 737 2475 nostri..
837 2405 862 2452 45

64 2478 98 2533 Et
106 2474 180 2532 dabit
189 2482 250 2535 anta
259 2474 354 2531 fidem:
374 2493 521 2550 cogamque
530 2476 559 2532 in
568 2474 671 2532 foedera
680 2480 759 2528 testes

66 2568 124 2607 esso
132 2550 206 2606 deos.
227 2549 298 2616 Quid
306 2556 363 2608 tuta
372 2550 468 2606 times?
485 2551 629 2623 Aocingere
638 2557 664 2605 et
672 2565 779 2607 omnem

65 2625 257 2702 pellomoram.
290 2623 351 2680 Tibi
360 2641 389 2680 ao
399 2643 503 2701 semper
513 2625 734 2686 debebmlaeou,
