1874 2940
154 122 202 177 ⁴32
342 127 370 171 P.
392 124 520 171 OVIDII
537 124 707 170 NASONIS

152 226 260 282 brachia
271 224 428 282 sustulerat:
447 225 534 297 Dique
544 242 561 280 o
570 224 748 280 communiter
757 241 863 292 omnes,

152 301 263 368 dixerat,
285 302 395 376 ignarus
405 317 458 356 non
469 317 561 356 ornnes
573 317 631 353 esse
645 299 786 373 rogandos,

151 377 260 448 parcite.
281 378 369 431 Motus
380 384 443 440 erat,
464 392 549 447 quum
561 374 614 428 iarn
626 373 773 429 revocabile
785 373 871 430 telum

98 461 137 506 265
152 469 205 507 non
217 450 276 517 luit,
296 451 468 506 Arcitenens:
488 450 602 503 rninimo
612 457 700 504 tamen
711 449 807 504 occidit
819 449 866 505 ille

152 525 277 593 vulnere,
298 544 351 581 non
362 525 413 580 alte
423 540 549 596 percusso
558 523 636 578 corde
649 525 755 597 sagitta.

190 601 271 656 Fama
283 598 599 671 rnali‚populiquedolor,
607 597 903 670 lacrimaequasuorum

153 682 205 730 tam
216 676 321 730 subitae
331 683 441 728 matrem
454 683 551 727 certam
564 672 645 727 locere
656 673 758 738 ruinae,

153 750 293 804 mirantem
305 749 431 818 potuisse,
452 748 672 819 irascentemque,
693 746 766 819 quod
775 749 836 803 ausi

98 835 137 878 270
153 823 203 878 hoc
212 831 300 877 essent
310 822 414 893 Superi,
435 822 507 893 quod
519 831 622 876 tanturn
636 823 702 876 iuris
712 822 851 879 baberent.

152 898 220 951 Nam
233 906 307 968 pater
320 896 465 968 Amphion,
489 895 555 951 lerro
569 914 615 967 per
626 905 717 968 pectus
728 897 831 964 adacto,

153 971 256 1026 finierat
267 972 383 1026 moriens
393 971 491 1042 pariter
500 988 562 1025 cunr
575 971 633 1025 luce
646 971 774 1026 dolorem.

153 1047 208 1101 Heu
219 1055 352 1120 quantum
363 1047 426 1100 baec
436 1046 520 1100 Niobe
530 1046 614 1101 Niobe
623 1046 739 1101 distabat
750 1046 784 1100 ab
794 1046 850 1114 illa,

152 1139 222 1194 quae
232 1122 310 1178 modo
320 1122 407 1177 Latois
418 1120 548 1194 populum
560 1121 731 1176 submoverat
741 1122 805 1186 aris,

98 1207 137 1251 275
151 1205 177 1252 et
187 1198 302 1253 mediam
316 1197 410 1253 tulerat
419 1215 528 1272 gressus
544 1196 668 1267 resupina
679 1213 726 1267 per
735 1195 843 1263 urbem,

153 1272 285 1330 invidiosa
296 1275 368 1343 suis;
390 1283 417 1328 at
427 1289 500 1330 nunc
511 1271 660 1326 miseranda
672 1269 713 1324 vel
725 1270 810 1325 hostii

152 1347 313 1420 Corporibus
325 1349 420 1423 gelidis
432 1349 573 1410 incumbit,
593 1355 618 1400 et
629 1346 722 1401 ordine
732 1345 808 1401 nullo

152 1422 241 1478 oscula
252 1423 389 1494 dispensat
400 1433 474 1478 natos
485 1439 609 1493 suprema
619 1438 667 1491 per
676 1437 780 1476 omnes.

152 1496 175 1549 Α.
185 1497 287 1566 quibus
297 1497 331 1550 ad
339 1497 441 1551 coelum
455 1497 561 1552 liventia
574 1496 679 1550 brachia
689 1494 794 1560 tollens,

97 1579 136 1623 280
150 1585 267 1640 pascere,
286 1570 411 1634 crudelis,
433 1581 532 1634 nostro,
554 1573 662 1635 Latona,
683 1570 786 1638 dolore;

153 1641 279 1717 [pascere
300 1644 350 1710 ait;
370 1645 490 1716 satiaque
503 1663 561 1698 meo
572 1655 615 1699 tua
630 1654 732 1717 pectora
742 1644 815 1699 luctu
823 1643 841 1719 ε]

151 1734 250 1788 corque
260 1716 344 1772 lerum
355 1719 432 1782 satia,
453 1719 531 1773 dixit.
553 1721 600 1773 Per
611 1719 702 1775 lunera
712 1727 814 1792 septem

151 1791 257 1847 efferam
279 1792 396 1860 exsulta;
417 1794 567 1866 victrixque
577 1795 684 1850 inimica
695 1794 841 1867 triumpha.

152 1865 207 1921 Cur
217 1874 304 1920 autem
317 1867 430 1923 victrix?
458 1870 569 1923 Miserae
580 1871 645 1924 milri
656 1870 733 1940 plura
743 1879 898 1941 supersunt,

97 1951 136 1993 285
151 1957 233 2010 quam
248 1942 295 1995 tibi
310 1940 388 1997 felici.
420 1945 480 1998 Post
491 1954 527 1999 tot
539 1961 648 2016 qaroque
659 1944 752 1998 lunera
762 1944 850 1999 vineo.

151 2015 272 2070 Dixerat:
293 2024 318 2069 et
327 2019 419 2071 sonuit
428 2028 549 2074 contento
560 2036 658 2072 nervus
668 2019 702 2072 ab
713 2035 791 2087 arcu;

151 2089 210 2161 qui,
232 2098 333 2160 praeter
344 2093 445 2147 Nioben
458 2111 548 2150 unam.
569 2093 824 2149 conterruitomnes

153 2164 199 2220 llla
210 2163 280 2219 malo
290 2174 330 2220 est
339 2167 437 2222 audax.
466 2167 576 2222 Stabant
585 2185 647 2222 eum
659 2169 780 2223 vestibus
789 2167 854 2223 atris

152 2247 212 2295 ante
223 2247 291 2294 toros
303 2239 412 2295 lratrum
423 2242 540 2298 demisso
549 2245 622 2297 crine
635 2260 747 2298 sorores.

98 2327 137 2368 ‘rto
151 2315 172 2369 E
184 2315 286 2387 quibrrs
298 2333 360 2380 una,
381 2318 489 2372 trahens
500 2318 632 2372 haerentia
643 2319 743 2372 viscere
753 2318 813 2383 tela,

151 2390 276 2461 imposito
287 2389 357 2444 [ratri
372 2393 531 2448 moribunda
543 2393 675 2466 relanguit
685 2410 739 2447 ore.

152 2464 249 2528 Altera,
271 2465 351 2520 solari
364 2469 488 2522 miseram
499 2479 590 2523 conata
602 2475 747 2539 parentem,

152 2540 392 2607 conticuitsubito;
412 2543 600 2615 duplicataque
612 2543 721 2598 vulnere
731 2560 808 2597 caeco
818 2550 867 2596 est.

140 2611 268 2686 [Oraque
275 2634 331 2675 non
340 2619 451 2693 pressit,
471 2620 526 2676 nisi
536 2626 681 2693 postquam
688 2618 800 2688 spiritus
809 2615 890 2690 exiti
