1874 2940
174 114 223 170 322
361 118 392 163 Ρ.
414 116 540 165 ovum
557 115 723 164 Nasoms

171 218 298 291 temporis
307 217 437 292 exiguum
447 217 528 273 mbor
537 233 690 273 evanescere
699 216 800 288 caepit:

171 295 254 366 fitque
263 294 334 351 calor
343 294 430 366 primo
441 293 537 348 turbati
548 291 667 348 llumiais
677 292 772 356 imbre,

118 380 157 424 000
171 377 354 444 purgaturque
364 386 447 425 mora.
480 368 549 423 Tum
559 366 642 422 moles
651 367 717 421 iacta
726 366 854 436 dehiscit,

170 445 286 517 vivaque
294 461 342 516 per
351 444 433 498 rimas
445 459 606 514 proceraque
614 443 701 514 surgit
710 440 831 500 arundo:

171 537 255 592 osque
264 536 360 575 cavum
373 519 430 573 saxi
440 525 517 573 sonat
525 515 721 572 exsultantibus
729 516 830 572 uadis:

171 594 356 666 miraqueras:
378 592 466 649 subita
477 592 563 647 media
572 600 650 647 tenus
659 590 758 645 exstitit
767 589 832 650 alvo

171 669 304 724 incinctus
314 667 419 722 iuvenis
429 665 504 721 flexis
517 685 584 722 nova
595 682 693 722 cornua
702 665 813 720 cannis:

117 755 156 799 005
170 743 229 815 qui,
249 742 303 796 nisi
313 740 385 812 quad
394 741 487 805 maior,
508 741 581 812 quod
590 748 642 798 0000
651 739 774 795 caerulus
783 757 830 796 ora
840 752 891 812 est,

171 816 234 872 Acis
243 822 307 869 arat.
319 814 371 868 Sed
380 814 531 886 sicquoqua
539 822 595 870 erat
604 814 759 870 tamenAcis
769 814 798 870 in
808 833 919 875 amnem

171 907 276 954 versus,
297 896 322 943 at
331 889 472 961 antiquum
482 898 624 947 tenuerunt
632 889 744 946 flumina
755 906 867 948 noman.

208 964 324 1019 Desierat
334 963 440 1020 Galatea
453 963 541 1037 loqui:
562 974 690 1038 coetuque
698 963 785 1020 soluta

171 1039 320 1106 discedunt,
340 1038 506 1113 placidisque
519 1048 610 1096 natant
619 1040 742 1095 Nereidas
753 1036 849 1096 undis.

118 1127 157 1170 000
171 1113 259 1189 Scylla
268 1116 348 1171 redit:
370 1115 537 1188 nequeenim
547 1114 634 1169 media
646 1133 675 1169 sa
687 1113 791 1170 credere
803 1123 890 1186 panta

171 1189 264 1259 audat;
285 1198 310 1245 et
319 1198 365 1246 aut
373 1190 465 1246 bibula
475 1189 533 1245 sina
543 1189 662 1245 vestibus
674 1197 743 1244 errat
752 1206 849 1259 arena3

172 1273 231 1332 aut,
252 1266 300 1321 ubi
311 1264 406 1321 lassata
415 1274 464 1331 est,
485 1265 606 1320 saductes
616 1272 691 1319 nacta
701 1280 822 1319 recessus

171 1341 295 1414 gurgitis,
316 1338 419 1395 inclusa
430 1357 478 1394 sua
489 1341 609 1395 mambra
618 1339 753 1414 refrigerat
762 1338 847 1398 unda.

170 1416 237 1468 Ecca
246 1413 341 1469 iratum
355 1415 479 1470 scindens
488 1413 533 1470 alti
543 1432 629 1470 novus
641 1413 725 1470 incola
734 1414 818 1485 ponti,

118 1501 157 1545 005
171 1505 257 1560 nuper
266 1488 294 1542 in
304 1489 421 1544 Euboica
431 1488 516 1543 varaia
525 1489 681 1545 Anthedone
691 1488 829 1555 membris,

172 1562 289 1619 Glaucus
300 1562 381 1628 adest,
403 1563 529 1636 visaeque
537 1564 663 1635 cupidine
672 1563 786 1638 virginis
797 1564 903 1622 haeret·

171 1646 204 1706 et,
226 1637 640 1712 quaecunqueputatiugiantam
649 1657 728 1711 posse
736 1640 848 1705 morari,

170 1714 250 1771 verba
259 1713 351 1770 refert:
372 1713 441 1788 fugit
450 1713 494 1768 illa
505 1722 607 1778 tamea,
628 1714 759 1786 veloxque
767 1714 864 1772 timore

171 1790 291 1860 parvenit
300 1791 328 1846 in
339 1808 477 1845 summum
486 1790 564 1862 positi
576 1807 656 1861 prope
666 1789 752 1844 littora
761 1791 872 1846 mantis.

117 1873 156 1917 000
171 1862 344 1919 Antairetum
353 1866 511 1938 astiagem,
532 1865 632 1936 apicem
642 1863 766 1920 collectus
776 1863 805 1919 in
815 1881 914 1928 uuum,

172 1935 250 2009 longa
259 1938 318 1992 aiae
327 1939 467 1994 arboribus
476 1956 611 1996 convexus
621 1939 655 1995 ad
666 1956 779 2011 aequora
789 1947 891 1997 vertex.

172 2010 295 2067 Constitit
303 2012 361 2067 hic:
381 2014 551 2083 ettutalaca‚
572 2022 766 2080 monstrumne,
786 2014 891 2073 deusne

170 2085 273 2152 illesit‚
294 2085 430 2160 ignorans,
451 2091 650 2162 admiraturque
658 2088 781 2155 colorem,

170 2162 506 2235 caesariamque‚humeros
512 2166 683 2237 subiectaque
691 2173 764 2239 targa
771 2172 915 2239 tegentem,

117 2247 156 2290 000
170 2237 317 2312 ultimaque
326 2240 439 2312 excipiat
447 2241 520 2313 quod
529 2240 623 2296 tortilis
633 2240 744 2313 inguina
756 2241 849 2312 piscis.

171 2312 268 2384 Sentit;
289 2314 455 2381 etiamtiam,
475 2316 780 2387 quaestabalproxima,
801 2316 877 2384 moli,

171 2387 464 2463 Nanagoprodigium‚
486 2389 668 2445 necsumlera
681 2389 783 2459 bellua,
804 2393 892 2465 virga.

172 2464 328 2530 eumdem,
349 2464 451 2536 inquit,
472 2480 571 2536 aquae:
592 2481 641 2520 aec
654 2465 743 2520 maius
757 2466 785 2522 in
802 2483 918 2539 aequare

648 2540 758 2595 Proteus

154 2608 304 2686 rirslrabet,
321 2615 462 2686 00101000,
482 2613 916 2687 Athamantiabasquabalaemau.
