1904 2940
166 111 216 166 288
355 118 384 163 P.
404 115 534 164 ov1n11
551 117 717 167 NASONIS

113 225 152 273 445
167 215 226 289 (scit
234 223 297 271 tuus
306 215 357 273 hoo
365 217 489 292 geniten)
498 216 619 292 gladium
629 219 767 292 spoliantis
780 218 808 274 in
819 219 877 276 ima

167 290 327 347 iliadamisi.
357 292 507 349 Chthonius
519 310 637 366 quoque,
658 295 836 366 Teleboasque

167 383 230 421 ense
239 366 431 423 iaoentnostro.
451 368 567 423 Remum
576 369 648 439 prior
658 368 703 423 ille
711 368 847 425 bifurcum

167 448 297 514 gesserat:
316 440 361 496 hic
372 440 502 497 iaculum.
533 442 620 498 laculo
628 443 696 497 mihi
706 443 816 499 vulnera
827 443 897 498 lecit.

168 515 250 589 Signa
259 515 349 572 vides:
370 524 480 588 apparet
488 516 576 572 adhue
584 524 661 572 vetus
673 517 736 572 inde
745 519 863 573 cicatrix.

115 597 154 646 445
169 590 245 646 'lunc
253 607 302 664 ego
311 591 456 646 debueram
465 590 592 663 capienda
604 590 638 647 ad
647 592 774 666 Pergama
784 593 867 647 mitti:

169 673 233 720 tunc
240 673 358 737 poteram
368 665 473 738 magni,
495 667 518 720 si
530 683 726 737 nonsuporare,
747 667 844 722 morari

169 740 285 795 Hectoris
295 757 369 794 arma
378 741 456 795 meis.
488 739 830 812 lllosedtemporenullus,

169 822 216 868 aut
224 830 306 885 puer,
325 815 418 869 Hector
428 821 492 870 erat.
521 814 818 870 Nuncmemeadeficit
831 823 911 870 aetas,

169 887 240 954 Quid
250 887 298 942 tihi
307 887 434 944 victorem
441 889 543 962 gemini
553 889 711 961 Periphanta
721 890 824 964 Pyreti;

115 969 155 1017 455
169 961 288 1035 Ampyca
298 962 364 1035 quid
374 962 504 1020 releram‘l
522 963 570 1036 qui
580 963 806 1036 quadrupedantis
817 963 889 1020 Oe'eli

168 1037 228 1091 fixit
236 1038 265 1091 in
275 1036 385 1094 adverso
394 1055 505 1094 cornum
515 1039 573 1094 sine
582 1039 691 1111 cuspide
700 1039 787 1096 vultu.

168 1112 248 1167 Vecte
256 1110 454 1169 Pelethronium
463 1113 598 1170 Macareus
608 1113 637 1169 in
646 1121 738 1186 pectus
748 1114 839 1171 adacto

170 1187 263 1241 stravit
271 1186 450 1262 Erigdupum.
479 1189 589 1246 Memini
599 1189 764 1245 etvenabula
772 1189 850 1245 condi

170 1262 291 1335 inguine,
312 1264 419 1317 Nesseis
429 1263 555 1320 manibus
564 1264 690 1330 coniecta,
711 1264 824 1339 Cymeli.

116 1345 155 1391 455
169 1336 224 1391 Nec
232 1345 262 1391 tu
270 1336 412 1392 credideris
422 1346 525 1394 tantum
535 1339 663 1394 cecinisse
675 1338 765 1394 futura

170 1411 335 1484 Ampyciden
344 1413 479 1483 Mopsum.
508 1415 600 1485 Mopso
610 1412 740 1468 iaculante
748 1413 870 1469 biformis

170 1486 303 1550 occubuit,
324 1485 476 1558 frustraque
485 1486 559 1560 loqui
569 1487 679 1543 tonavit
688 1485 787 1551 Odites,

171 1559 205 1613 ad
214 1565 334 1613 mentum
345 1559 446 1633 lingua,
466 1569 608 1632 mentoque
617 1560 765 1634 adgullura
774 1561 837 1615 fixo.

171 1633 298 1705 Quinque
322 1634 379 1689 neci
402 1634 521 1690 Caeneus
542 1634 661 1699 dederat,
690 1632 911 1707 Styphelumque,

605 1708 795 1780 Bromumque,

117 1791 157 1837 455
171 1781 428 1858 Antimachumque,
455 1783 656 1911 llelimumqsse,
687 1781 914 1856 securiferumque

661 1874 763 1912 aemon.

171 1931 288 1989 Vulnera
298 1949 351 1985 non
360 1932 486 1986 memini:
501 1876 660 1986 numerunlr
653 1948 804 2004 nomenque
813 1933 912 1986 notavi.

171 2005 292 2061 Provolat
301 2005 418 2060 Emathii
428 2005 520 2077 spoliis
534 2013 650 2060 armatus
661 2005 758 2071 Halesi,

172 2097 253 2153 quem
263 2078 369 2134 dederat
377 2078 442 2145 leto,
465 2081 592 2135 memhris
602 2087 627 2134 et
635 2097 743 2151 corpore
751 2082 860 2135 Latreus

172 2156 317 2212 maximus.
338 2155 406 2209 Huic
414 2162 484 2210 aetas
495 2157 563 2210 incer
573 2156 750 2227 iuvenemque
759 2169 912 2226 senemque,

118 2239 158 2286 455
172 2231 214 2285 uis
225 2229 350 2285 iuvenilis
361 2238 429 2284 erat:
450 2231 589 2286 variabant
597 2238 713 2302 tempora
723 2231 793 2284 cani.

169 2305 224 2372 Qui
232 2304 334 2380 clypeo,
355 2304 506 2381 gladioque,
527 2305 731 2377 Macedoniaque
743 2305 840 2359 sarissa

158 2384 346 2456 conspicuus,
364 2382 659 2461 faciemqueoluersus
669 2381 809 2452 inaqmen
815 2388 922 2430 uuum-

323 2502 330 2515 .
694 2497 703 2520 ἱ

138 2551 291 2617 “mque
301 2545 472 2616 fflncussit,
487 2520 946 2614 certumqueeqxiuau'u'xuome,

131 2617 295 2699 Verbaque
306 2634 355 2688 lot
366 2627 451 2688 fudit
461 2639 580 2686 vacuas
588 2614 748 2676 audinaeus
757 2615 795 2651 m
800 2603 903 2644 auras.
