1874 2940
185 130 559 178 uurnmonruosnou
576 133 646 177 L113.
662 134 693 178 x.
760 128 809 182 230

71 230 156 286 dicere
166 228 331 304 Pygmalion)
341 226 437 282 similis
449 245 516 293 mee,
537 228 613 295 dixit,
633 232 757 289 eburnae.

72 305 168 370 Sensit,
186 314 216 360 ut
225 305 283 375 ipsa
293 304 350 357 suis
360 302 448 358 ederet
456 303 547 359 Venus
557 321 635 357 aurea
644 304 726 372 iestis,

71 384 131 432 vote
140 379 206 450 quid
215 378 260 433 illa
270 377 365 434 velint:
386 384 421 443 et,
441 377 519 432 amici
528 377 648 432 numinis
657 396 745 446 omen,

71 451 177 507 flamma
187 460 225 507 ter
233 469 341 508 aceensa
351 458 399 518 est,
410 452 565 524 apicemque
575 469 622 524 per
630 454 689 507 ae'ra
700 454 788 511 duxit.

70 528 105 581 Ut
113 526 204 596 rediit3
225 526 366 583 simulacra
374 544 438 583 suae
447 528 512 599 petit
520 525 565 582 ille
574 526 690 598 puellae:
823 543 862 587 200

70 601 281 675 incumbensque
289 609 346 658 toro
354 601 425 657 dedit
433 601 533 658 oscula.
563 602 626 658 Visa
636 610 722 675 tepere
731 611 779 658 est.

69 676 233 733 Admovetos
242 679 351 733 iterum:
362 677 706 750 manibusquequepeetoru
715 685 805 735 tentet.

71 753 209 808 Tentatum
219 752 436 809 mollescitebur:
456 753 595 826 positoque
604 753 690 828 rigore

69 826 183 882 subsidit
197 829 298 902 digitis,
318 827 453 900 ceditque,
473 836 504 883 ut
513 828 646 902 Hymettia
658 828 713 885 sole

68 919 127 956 cera
137 903 302 968 remollescit,
323 909 482 974 tracteteque
490 902 584 974 pollice
593 902 691 959 multus
822 915 861 959 285

69 974 181 1030 flectitur
191 976 219 1030 in
229 975 318 1040 facies,
339 976 450 1047 ipsoque
458 976 488 1030 fit
497 975 570 1030 utilis
579 995 643 1033 usu.

68 1051 137 1103 Dum
148 1056 244 1119 stupet,
264 1056 290 1102 et
300 1048 380 1103 dubie
389 1047 495 1122 gaudet,
516 1048 625 1122 fallique
636 1061 753 1121 veretur3

68 1140 163 1177 rursus
172 1140 265 1178 amens
275 1138 422 1193 rursusque
431 1138 513 1176 manu
522 1140 571 1177 sua
581 1132 638 1178 vota
650 1133 777 1181 retractet.

69 1199 172 1269 Corpus
182 1204 250 1252 erut:
271 1194 370 1251 saliunt
378 1202 489 1250 tentutee
498 1195 592 1266 pollice
600 1215 691 1252 venae.

69 1275 138 1328 Tum
148 1288 210 1328 vero
219 1270 336 1342 Paphius
346 1267 500 1340 plenissime
509 1271 623 1341 concipit
632 1271 708 1327 heros
821 1287 860 1330 200

68 1347 158 1413 verba,
177 1344 558 1419 quibusVenerigrutesagat3
580 1346 791 1417 orequetandem

70 1440 114 1479 ore
123 1439 173 1476 suo
185 1438 239 1477 non
248 1418 314 1474 sulen
322 1418 433 1491 premit:
453 1417 748 1496 dataqueosculuvirgo

68 1496 161 1562 sensit,
182 1502 208 1551 et
215 1495 334 1551 erubuit:
355 1493 533 1567 timidumque
545 1494 579 1550 ud
591 1494 794 1555 luminalumen

68 1568 197 1637 attollens,
217 1570 384 1643 puritereum
393 1568 690 1628 coeloviditemantem.

68 1646 207 1720 Coniugio,
227 1645 299 1719 quod
307 1644 377 1712 iecit,
396 1644 535 1702 adestdeu.
564 1648 673 1720 Iamque
682 1650 777 1704 coactis
821 1662 859 1706 205

67 1722 192 1778 cornibus
204 1722 231 1777 in
241 1721 350 1794 plenum
360 1721 451 1777 novies
461 1719 599 1777 lunaribus
609 1723 709 1789 orbem,

67 1796 113 1853 illa
122 1797 231 1870 Paphon
239 1796 344 1872 genuit:
365 1795 398 1851 de
407 1813 461 1868 quo
469 1803 539 1851 tenet
550 1796 638 1852 insula
648 1815 753 1855 nomen.

103 1872 197 1930 Editus
208 1873 257 1928 huo
267 1870 311 1927 ille
320 1878 368 1938 est,
388 1871 446 1944 qui,
466 1872 490 1926 si
500 1873 557 1927 sine
566 1871 638 1944 prole
650 1872 752 1940 fuisset,

66 1949 134 2004 inter
143 1949 230 2005 felices
241 1947 352 2023 Cinyras
361 1949 489 2019 potuisset
497 1946 597 2004 haberi.

66 2025 238 2093 Diracenam3
250 2022 801 2098 preculhine,netueproculesteparentes:
818 2036 857 2080 300

67 2103 122 2160 aut,
144 2099 235 2153 mensi
245 2108 345 2154 vestras
355 2097 511 2154 mulcebunt
522 2100 639 2157 carmine
649 2108 759 2165 mentes,

66 2169 134 2223 desit
143 2170 172 2225 in
180 2172 231 2226 hee
241 2173 307 2227 mihi
316 2181 389 2244 parte
399 2173 478 2228 fides:
499 2191 547 2228 nee
556 2175 651 2229 credite
661 2174 773 2230 factum:

67 2241 119 2308 vel,
139 2243 163 2298 si
173 2244 291 2310 credetis,
314 2245 374 2301 facti
384 2265 491 2320 quoque
500 2247 595 2303 credite
604 2265 727 2321 poenam.

67 2317 95 2373 Si
107 2323 194 2372 tamen
203 2317 350 2374 admissum
360 2321 424 2377 sinit
432 2322 482 2378 hoe
491 2323 590 2378 Natura
598 2322 696 2390 videri3

66 2391 191 2468 gentihus
201 2392 319 2447 lsmeriis
328 2401 354 2448 et
362 2403 451 2452 nostro
459 2396 576 2470 gratulor
585 2396 652 2464 orbi,
818 2406 857 2451 3⁰5

66 2465 356 2542 gratulurhuioterrue,
376 2469 448 2541 quod
457 2471 530 2526 abest
540 2470 691 2545 regionibus
700 2467 763 2534 illis,

66 2560 134 2615 quus
144 2548 245 2597 tantum
254 2557 369 2614 genuere
378 2542 461 2598 nefas.
490 2544 530 2599 Sit
539 2546 613 2600 dives
625 2560 738 2610 amomo,

66 2618 249 2691 cinnamaque,
270 2622 524 2690 costumquesuam,
542 2618 780 2691 sudemquekiffim
