1874 2940
108 161 486 210 METAMORPHOSEON
504 166 577 212 LIB.
597 165 653 212 XV.
703 159 747 212 354

10 259 156 335 ingreditur
167 258 257 315 colles.
286 260 327 314 lbi
336 260 411 316 sidus
420 261 454 316 ab
463 263 567 317 aethere
576 263 682 334 lapsum

10 335 104 391 decidit
112 335 141 390 in
154 341 250 389 terras:
271 335 374 390 aculus
385 335 487 391 lumine
498 335 613 409 flagrans

10 410 135 464 llersiliae
144 409 225 463 crinis
235 425 297 463 cum
307 409 393 465 sidere
402 410 481 464 cessit
489 409 518 464 in
529 425 619 465 auras.

10 487 81 539 llanc
92 484 216 538 manibus
229 484 297 538 notis
305 485 440 538 Romanae
448 483 568 538 conditor
577 484 653 538 urbis

10 559 115 629 excipit,
136 565 161 612 et
169 557 289 629 priscum
297 559 396 631 pariter
405 575 467 613 cum
477 574 585 629 corpore
595 575 692 614 nomen
769 573 808 614 ato

10 640 107 699 mutat,
127 633 280 706 Horamque
294 639 384 703 vocat,
414 648 484 706 quae
500 647 577 773 guno
595 631 644 687 dea
663 634 754 689 iuncta

525 705 614 763 uirino
626 713 675 762 est.

52 882 205 938 LIBER
234 880 452 940 DECIMUS
482 879 708 948 QUINTUS.

10 990 159 1064 Quaeritur
167 998 281 1064 interea,
301 998 350 1068 qui
359 1004 446 1053 tantae
453 999 571 1070 pondera
581 1000 659 1057 molis

10 1070 146 1135 sustineat,
167 1077 294 1142 tantoque
303 1077 383 1143 queat
391 1073 530 1127 succedere
539 1075 606 1146 regi.

10 1145 126 1202 Destinat
135 1145 247 1217 imperio
258 1145 361 1200 clarum
370 1148 528 1217 praenuntia
538 1148 594 1202 veri

10 1223 89 1277 Fama
100 1221 227 1276 Numam.
256 1221 316 1275 Non
326 1219 372 1273 ille
380 1221 445 1276 satis
455 1238 582 1294 cognosse
591 1220 704 1277 Sabinae

10 1296 94 1369 gentis
106 1295 185 1350 habet
194 1296 276 1349 ritus:
297 1294 388 1350 animo
398 1295 498 1351 maiora
510 1296 600 1367 capaci
797 1311 809 1352 5

10 1370 132 1440 concipit,
153 1376 178 1423 et
186 1386 256 1441 quae
264 1369 300 1424 sit
309 1386 399 1423 rerum
408 1377 502 1426 natura
512 1370 634 1443 requirit.

9 1445 95 1499 lluius
106 1461 180 1498 amor
189 1460 277 1510 curae,
297 1443 382 1515 patria
392 1444 563 1517 Curibusque
576 1446 684 1513 relictis,

9 1517 79 1584 iecit,
99 1526 130 1573 ut
139 1518 260 1573 Herculei
270 1526 417 1590 penetraret
426 1520 460 1574 ad
472 1520 585 1592 hospitis
595 1520 701 1577 urbem.

10 1593 89 1648 Graia
100 1593 163 1666 quis
172 1593 270 1648 Italicis
281 1601 370 1648 auctor
379 1594 513 1665 posuisset
523 1595 552 1650 in
560 1595 614 1650 oris

9 1668 114 1722 moenia
124 1669 271 1741 quaerenti,
292 1668 331 1722 sic
341 1668 514 1725 esenioribus
525 1687 598 1725 unus
783 1683 808 1724 to

9 1741 99 1797 retulit
107 1743 251 1815 indigenis,
271 1743 368 1798 veteris
378 1761 432 1798 non
441 1744 543 1798 inscius
554 1743 625 1798 aevi:

10 1816 87 1871 Dives
97 1817 130 1872 ab
140 1816 244 1872 Oceano
253 1817 343 1872 bubus
354 1819 415 1872 love
424 1823 503 1872 natus
511 1818 594 1872 Iberis

10 1890 95 1946 littora
105 1890 174 1945 felici
185 1892 303 1946 tenuisse
312 1891 419 1946 Lacinia
429 1908 511 1945 cursu

9 1964 101 2032 fertur,
123 1973 158 2032 et,
178 1974 297 2024 armento
306 1974 409 2021 teneras
419 1972 521 2021 emente
530 1981 578 2038 per
589 1967 695 2032 herbas,

10 2041 66 2111 ipse
75 2040 186 2096 domum
196 2043 287 2115 magni
299 2058 347 2097 nec
355 2040 564 2112 inhospitatecta
573 2042 694 2098 Crotonis
784 2054 809 2097 15

10 2115 132 2180 intrasse,
153 2122 178 2170 et
189 2117 282 2187 requie
291 2116 401 2188 longum
411 2116 542 2173 relevasse
552 2117 682 2185 laborem,

9 2197 87 2260 atque
98 2189 134 2242 ita
144 2188 296 2255 discedens,
317 2189 399 2256 Acro,
419 2191 530 2258 dixisse,
551 2199 678 2262 nepotum

10 2263 53 2317 hic
62 2262 136 2317 locus
145 2262 221 2316 urbis
231 2263 294 2332 erit;
314 2265 500 2338 promissaque
508 2283 570 2321 vera
580 2264 696 2319 inerunt.

10 2339 76 2392 Nam
86 2335 137 2391 tuit
144 2335 268 2408 Argolico
277 2347 419 2411 generatus
430 2340 558 2396 Alemone
567 2337 678 2411 quidam

10 2410 147 2485 Myscelos,
168 2410 243 2466 illius
253 2411 295 2466 dis
306 2416 506 2486 acceptissimus
516 2413 585 2468 aevi.
783 2423 808 2465 2⁰

10 2486 86 2540 Hunc
95 2501 176 2558 super
185 2485 345 2542 incumbens
356 2505 479 2561 pressum
489 2487 617 2563 gravitate
626 2487 728 2559 soporis

10 2559 129 2633 Claviger
138 2558 298 2632 alloquitur:
319 2563 464 2635 Lapidosas
474 2561 579 2619 Aesaris
589 2562 676 2616 undas

10 2635 32 2701 i,
52 2642 111 2706 pete
121 2633 235 2692 diversi:
255 2637 371 2710 patrias,
391 2657 450 2714 age,
470 2639 560 2695 desere
571 2635 657 2693 sedes.
