<?xml version="1.0" encoding="UTF-8"?>
<!DOCTYPE html PUBLIC "-//W3C//DTD XHTML 1.0 Transitional//EN"
    "http://www.w3.org/TR/xhtml1/DTD/xhtml1-transitional.dtd">
<html xmlns="http://www.w3.org/1999/xhtml" xml:lang="en" lang="en">
 <head>
  <title>
</title>
<meta http-equiv="Content-Type" content="text/html;charset=utf-8" />
  <meta name='ocr-system' content='tesseract 3.04.00' />
  <meta name='ocr-capabilities' content='ocr_page ocr_carea ocr_par ocr_line ocrx_word'/>
</head>
<body>
  <div class='ocr_page' id='page_1' title='image "./povidiinasoniso01ovidgoog_0316.png"; bbox 0 0 1874 2940; ppageno 0'>
   <div class='ocr_carea' id='block_1_1' title="bbox 120 109 670 171">
    <p class='ocr_par' dir='ltr' id='par_1_1' title="bbox 120 109 670 171">
     <span class='ocr_line' id='line_1_1' title="bbox 120 109 670 171; baseline -0.005 -9"><span class='ocrx_word' id='word_1_1' title='bbox 120 109 169 171; x_wconf 62' lang='grc'>318</span> <span class='ocrx_word' id='word_1_2' title='bbox 307 115 338 164; x_wconf 82' lang='grc' dir='ltr'>Ρ.</span> <span class='ocrx_word' id='word_1_3' title='bbox 358 113 670 162; x_wconf 75' lang='lat' dir='ltr'>ov1n11nasou1s</span> 
     </span>
    </p>
   </div>
   <div class='ocr_carea' id='block_1_2' title="bbox 65 214 859 2603">
    <p class='ocr_par' dir='ltr' id='par_1_2' title="bbox 65 214 854 589">
     <span class='ocr_line' id='line_1_2' title="bbox 65 214 737 287; baseline 0.006 -17"><span class='ocrx_word' id='word_1_4' title='bbox 65 228 105 272; x_wconf 79' lang='lat' dir='ltr'>tet</span> <span class='ocrx_word' id='word_1_5' title='bbox 119 214 267 272; x_wconf 83' lang='lat' dir='ltr'>horrendus</span> <span class='ocrx_word' id='word_1_6' title='bbox 275 214 362 282; x_wconf 81' lang='lat' dir='ltr'>silvis,</span> <span class='ocrx_word' id='word_1_7' title='bbox 382 222 409 272; x_wconf 89' lang='lat' dir='ltr'>et</span> <span class='ocrx_word' id='word_1_8' title='bbox 416 214 492 272; x_wconf 84' lang='lat' dir='ltr'>visus</span> <span class='ocrx_word' id='word_1_9' title='bbox 502 214 737 287; x_wconf 83' lang='lat' dir='ltr'>abhospitenullo</span> 
     </span>
     <span class='ocr_line' id='line_1_3' title="bbox 119 289 803 366; baseline 0.01 -22"><span class='ocrx_word' id='word_1_10' title='bbox 119 290 240 363; x_wconf 87' lang='lat' dir='ltr'>impune,</span> <span class='ocrx_word' id='word_1_11' title='bbox 260 298 287 348; x_wconf 86' lang='lat' dir='ltr'>et</span> <span class='ocrx_word' id='word_1_12' title='bbox 297 291 388 365; x_wconf 82' lang='lat' dir='ltr'>magni</span> <span class='ocrx_word' id='word_1_13' title='bbox 398 307 460 345; x_wconf 92' lang='lat' dir='ltr'>cum</span> <span class='ocrx_word' id='word_1_14' title='bbox 470 290 513 345; x_wconf 90' lang='lat' dir='ltr'>dls</span> <span class='ocrx_word' id='word_1_15' title='bbox 522 297 666 346; x_wconf 83' lang='lat' dir='ltr'>contemtor</span> <span class='ocrx_word' id='word_1_16' title='bbox 675 289 803 366; x_wconf 80' lang='lat' dir='ltr'><strong>Olympi,</strong></span> 
     </span>
     <span class='ocr_line' id='line_1_4' title="bbox 120 363 842 442; baseline 0.006 -22"><span class='ocrx_word' id='word_1_17' title='bbox 120 366 186 438; x_wconf 93' lang='lat' dir='ltr'>quid</span> <span class='ocrx_word' id='word_1_18' title='bbox 198 366 233 421; x_wconf 89' lang='lat' dir='ltr'>sit</span> <span class='ocrx_word' id='word_1_19' title='bbox 242 384 326 431; x_wconf 88' lang='lat' dir='ltr'>amor,</span> <span class='ocrx_word' id='word_1_20' title='bbox 346 365 438 420; x_wconf 81' lang='lat' dir='ltr'><strong>sentit:</strong></span> <span class='ocrx_word' id='word_1_21' title='bbox 460 363 595 437; x_wconf 88' lang='lat' dir='ltr'>nostrique</span> <span class='ocrx_word' id='word_1_22' title='bbox 604 364 732 437; x_wconf 88' lang='lat' dir='ltr'>cupidine</span> <span class='ocrx_word' id='word_1_23' title='bbox 742 378 842 442; x_wconf 86' lang='lat' dir='ltr'>captus</span> 
     </span>
     <span class='ocr_line' id='line_1_5' title="bbox 120 441 815 512; baseline 0.006 -14"><span class='ocrx_word' id='word_1_24' title='bbox 120 441 217 509; x_wconf 88' lang='lat' dir='ltr'>uritur,</span> <span class='ocrx_word' id='word_1_25' title='bbox 237 442 337 498; x_wconf 85' lang='lat' dir='ltr'>oblitus</span> <span class='ocrx_word' id='word_1_26' title='bbox 347 456 471 512; x_wconf 86' lang='lat' dir='ltr'>pecorum</span> <span class='ocrx_word' id='word_1_27' title='bbox 481 447 673 512; x_wconf 80' lang='lat' dir='ltr'>antrorumque</span> <span class='ocrx_word' id='word_1_28' title='bbox 681 458 815 502; x_wconf 83' lang='lat' dir='ltr'>sucrum:</span> 
     </span>
     <span class='ocr_line' id='line_1_6' title="bbox 121 514 854 589; baseline 0.001 -18"><span class='ocrx_word' id='word_1_29' title='bbox 121 517 228 589; x_wconf 88' lang='lat' dir='ltr'>iamque</span> <span class='ocrx_word' id='word_1_30' title='bbox 238 517 286 572; x_wconf 90' lang='lat' dir='ltr'>tibi</span> <span class='ocrx_word' id='word_1_31' title='bbox 296 515 405 581; x_wconf 83' lang='lat' dir='ltr'>formae,</span> <span class='ocrx_word' id='word_1_32' title='bbox 426 515 534 588; x_wconf 86' lang='lat' dir='ltr'>iamque</span> <span class='ocrx_word' id='word_1_33' title='bbox 543 514 639 569; x_wconf 86' lang='lat' dir='ltr'>esttibi</span> <span class='ocrx_word' id='word_1_34' title='bbox 649 531 714 571; x_wconf 84' lang='lat' dir='ltr'>eura</span> <span class='ocrx_word' id='word_1_35' title='bbox 726 518 854 588; x_wconf 80' lang='lat' dir='ltr'>placendi</span> 
     </span>
    </p>

    <p class='ocr_par' dir='ltr' id='par_1_3' title="bbox 67 588 859 960">
     <span class='ocr_line' id='line_1_7' title="bbox 67 588 833 665; baseline 0.012 -22"><span class='ocrx_word' id='word_1_36' title='bbox 67 601 107 645; x_wconf 79' lang='grc'>765</span> <span class='ocrx_word' id='word_1_37' title='bbox 121 592 175 646; x_wconf 89' lang='lat' dir='ltr'>iam</span> <span class='ocrx_word' id='word_1_38' title='bbox 185 591 285 665; x_wconf 80' lang='lat' dir='ltr'>rigidos</span> <span class='ocrx_word' id='word_1_39' title='bbox 294 591 376 661; x_wconf 88' lang='lat' dir='ltr'>pectis</span> <span class='ocrx_word' id='word_1_40' title='bbox 385 591 486 655; x_wconf 78' lang='lat' dir='ltr'>rastris,</span> <span class='ocrx_word' id='word_1_41' title='bbox 507 588 678 662; x_wconf 83' lang='lat' dir='ltr'>Polypheme,</span> <span class='ocrx_word' id='word_1_42' title='bbox 699 593 833 663; x_wconf 76' lang='lat' dir='ltr'>capillos:</span> 
     </span>
     <span class='ocr_line' id='line_1_8' title="bbox 122 663 782 736; baseline 0.005 -15"><span class='ocrx_word' id='word_1_43' title='bbox 122 666 175 721; x_wconf 91' lang='lat' dir='ltr'>iam</span> <span class='ocrx_word' id='word_1_44' title='bbox 186 665 249 720; x_wconf 88' lang='lat' dir='ltr'>libet</span> <span class='ocrx_word' id='word_1_45' title='bbox 258 665 388 719; x_wconf 85' lang='lat' dir='ltr'>hirsutam</span> <span class='ocrx_word' id='word_1_46' title='bbox 399 664 447 718; x_wconf 93' lang='lat' dir='ltr'>tibi</span> <span class='ocrx_word' id='word_1_47' title='bbox 457 663 522 718; x_wconf 82' lang='lat' dir='ltr'>falce</span> <span class='ocrx_word' id='word_1_48' title='bbox 530 663 645 720; x_wconf 82' lang='lat' dir='ltr'>recidere</span> <span class='ocrx_word' id='word_1_49' title='bbox 654 663 782 736; x_wconf 87' lang='lat' dir='ltr'>barbam,</span> 
     </span>
     <span class='ocr_line' id='line_1_9' title="bbox 122 737 791 810; baseline -0.001 -16"><span class='ocrx_word' id='word_1_50' title='bbox 122 749 147 794; x_wconf 92' lang='lat' dir='ltr'>et</span> <span class='ocrx_word' id='word_1_51' title='bbox 158 747 274 810; x_wconf 87' lang='lat' dir='ltr'>spectare</span> <span class='ocrx_word' id='word_1_52' title='bbox 284 737 352 792; x_wconf 83' lang='lat' dir='ltr'>ieros</span> <span class='ocrx_word' id='word_1_53' title='bbox 362 738 390 792; x_wconf 94' lang='lat' dir='ltr'>in</span> <span class='ocrx_word' id='word_1_54' title='bbox 400 754 470 808; x_wconf 87' lang='lat' dir='ltr'>aqua</span> <span class='ocrx_word' id='word_1_55' title='bbox 483 745 507 792; x_wconf 90' lang='lat' dir='ltr'>et</span> <span class='ocrx_word' id='word_1_56' title='bbox 517 755 674 810; x_wconf 87' lang='lat' dir='ltr'>componere</span> <span class='ocrx_word' id='word_1_57' title='bbox 682 739 791 800; x_wconf 64' lang='lat' dir='ltr'>vultum.</span> 
     </span>
     <span class='ocr_line' id='line_1_10' title="bbox 122 810 859 886; baseline 0.004 -16"><span class='ocrx_word' id='word_1_58' title='bbox 122 813 217 870; x_wconf 82' lang='lat' dir='ltr'>Caedis</span> <span class='ocrx_word' id='word_1_59' title='bbox 228 829 311 877; x_wconf 87' lang='lat' dir='ltr'>amor,</span> <span class='ocrx_word' id='word_1_60' title='bbox 331 810 483 884; x_wconf 84' lang='lat' dir='ltr'>feritasque,</span> <span class='ocrx_word' id='word_1_61' title='bbox 498 812 612 886; x_wconf 78' lang='lat' dir='ltr'>sitisque</span> <span class='ocrx_word' id='word_1_62' title='bbox 621 814 755 872; x_wconf 90' lang='lat' dir='ltr'>immensa</span> <span class='ocrx_word' id='word_1_63' title='bbox 766 819 859 877; x_wconf 81' lang='lat' dir='ltr'>cruori</span> 
     </span>
     <span class='ocr_line' id='line_1_11' title="bbox 122 887 773 960; baseline 0.006 -17"><span class='ocrx_word' id='word_1_64' title='bbox 122 893 240 943; x_wconf 88' lang='lat' dir='ltr'>cessant:</span> <span class='ocrx_word' id='word_1_65' title='bbox 259 893 285 941; x_wconf 84' lang='lat' dir='ltr'>et</span> <span class='ocrx_word' id='word_1_66' title='bbox 295 892 365 941; x_wconf 89' lang='lat' dir='ltr'>tutae</span> <span class='ocrx_word' id='word_1_67' title='bbox 374 887 487 943; x_wconf 84' lang='lat' dir='ltr'>veniunt</span> <span class='ocrx_word' id='word_1_68' title='bbox 496 887 647 960; x_wconf 87' lang='lat' dir='ltr'>abeuntque</span> <span class='ocrx_word' id='word_1_69' title='bbox 655 890 773 948; x_wconf 83' lang='lat' dir='ltr'>carinae.</span> 
     </span>
    </p>

    <p class='ocr_par' dir='ltr' id='par_1_4' title="bbox 68 960 859 1339">
     <span class='ocr_line' id='line_1_12' title="bbox 68 960 755 1031; baseline 0.004 -15"><span class='ocrx_word' id='word_1_70' title='bbox 68 973 107 1016; x_wconf 76' lang='lat'>77⁰</span> <span class='ocrx_word' id='word_1_71' title='bbox 122 961 245 1016; x_wconf 83' lang='lat' dir='ltr'>Telemus</span> <span class='ocrx_word' id='word_1_72' title='bbox 255 962 353 1016; x_wconf 84' lang='lat' dir='ltr'>interea</span> <span class='ocrx_word' id='word_1_73' title='bbox 362 960 484 1020; x_wconf 88' lang='lat' dir='ltr'>Siculum</span> <span class='ocrx_word' id='word_1_74' title='bbox 493 961 596 1020; x_wconf 89' lang='lat' dir='ltr'>delatus</span> <span class='ocrx_word' id='word_1_75' title='bbox 607 963 659 1019; x_wconf 91' lang='lat' dir='ltr'>ina</span> <span class='ocrx_word' id='word_1_76' title='bbox 695 981 755 1031; x_wconf 87' lang='lat' dir='ltr'>uor,</span> 
     </span>
     <span class='ocr_line' id='line_1_13' title="bbox 122 1036 832 1112; baseline 0.001 -18"><span class='ocrx_word' id='word_1_77' title='bbox 122 1036 244 1094; x_wconf 81' lang='lat' dir='ltr'>Telemus</span> <span class='ocrx_word' id='word_1_78' title='bbox 253 1037 427 1112; x_wconf 77' lang='lat' dir='ltr'>Eurymides,</span> <span class='ocrx_word' id='word_1_79' title='bbox 447 1055 528 1111; x_wconf 92' lang='lat' dir='ltr'>quem</span> <span class='ocrx_word' id='word_1_80' title='bbox 542 1037 615 1093; x_wconf 92' lang='lat' dir='ltr'>nulla</span> <span class='ocrx_word' id='word_1_81' title='bbox 627 1036 685 1094; x_wconf 86' lang='lat' dir='ltr'>lelsl</span> <span class='ocrx_word' id='word_1_82' title='bbox 696 1046 753 1095; x_wconf 86' lang='lat' dir='ltr'>erat</span> <span class='ocrx_word' id='word_1_83' title='bbox 764 1041 832 1112; x_wconf 77' lang='lat' dir='ltr'>ales,</span> 
     </span>
     <span class='ocr_line' id='line_1_14' title="bbox 121 1112 859 1188; baseline 0.009 -19"><span class='ocrx_word' id='word_1_84' title='bbox 121 1112 859 1188; x_wconf 76' lang='lat' dir='ltr'>terribilemPclyphemonadit3lumenquequcdunun</span> 
     </span>
     <span class='ocr_line' id='line_1_15' title="bbox 122 1187 793 1263; baseline 0.004 -19"><span class='ocrx_word' id='word_1_85' title='bbox 122 1188 286 1263; x_wconf 74' lang='lat' dir='ltr'>{contegeris</span> <span class='ocrx_word' id='word_1_86' title='bbox 296 1188 392 1255; x_wconf 84' lang='lat' dir='ltr'>media,</span> <span class='ocrx_word' id='word_1_87' title='bbox 413 1189 497 1260; x_wconf 84' lang='lat' dir='ltr'>rapiet</span> <span class='ocrx_word' id='word_1_88' title='bbox 507 1187 568 1253; x_wconf 86' lang='lat' dir='ltr'>tibi,</span> <span class='ocrx_word' id='word_1_89' title='bbox 589 1187 666 1253; x_wconf 88' lang='lat' dir='ltr'>dixit,</span> <span class='ocrx_word' id='word_1_90' title='bbox 687 1188 793 1247; x_wconf 81' lang='lat' dir='ltr'>Ulixes.</span> 
     </span>
     <span class='ocr_line' id='line_1_16' title="bbox 122 1260 849 1339; baseline 0.003 -20"><span class='ocrx_word' id='word_1_91' title='bbox 122 1264 199 1329; x_wconf 87' lang='lat' dir='ltr'>Risit,</span> <span class='ocrx_word' id='word_1_92' title='bbox 220 1272 255 1330; x_wconf 91' lang='lat' dir='ltr'>et,</span> <span class='ocrx_word' id='word_1_93' title='bbox 275 1262 399 1320; x_wconf 84' lang='lat' dir='ltr'>Ovatum</span> <span class='ocrx_word' id='word_1_94' title='bbox 409 1261 590 1328; x_wconf 87' lang='lat' dir='ltr'>stolidissime,</span> <span class='ocrx_word' id='word_1_95' title='bbox 610 1260 719 1329; x_wconf 83' lang='lat' dir='ltr'>falleris,</span> <span class='ocrx_word' id='word_1_96' title='bbox 741 1264 849 1339; x_wconf 84' lang='lat' dir='ltr'>inquit:</span> 
     </span>
    </p>

    <p class='ocr_par' dir='ltr' id='par_1_5' title="bbox 68 1337 854 1708">
     <span class='ocr_line' id='line_1_17' title="bbox 68 1337 790 1409; baseline 0.007 -17"><span class='ocrx_word' id='word_1_97' title='bbox 68 1349 108 1393; x_wconf 78' lang='grc'>775</span> <span class='ocrx_word' id='word_1_98' title='bbox 123 1340 202 1395; x_wconf 84' lang='lat' dir='ltr'>altera</span> <span class='ocrx_word' id='word_1_99' title='bbox 213 1339 266 1394; x_wconf 90' lang='lat' dir='ltr'>iam</span> <span class='ocrx_word' id='word_1_100' title='bbox 275 1337 373 1409; x_wconf 78' lang='lat' dir='ltr'>rapuit.</span> <span class='ocrx_word' id='word_1_101' title='bbox 403 1337 446 1393; x_wconf 88' lang='lat' dir='ltr'>Sic</span> <span class='ocrx_word' id='word_1_102' title='bbox 455 1337 553 1393; x_wconf 81' lang='lat' dir='ltr'>frustra</span> <span class='ocrx_word' id='word_1_103' title='bbox 562 1354 625 1392; x_wconf 85' lang='lat' dir='ltr'>vera</span> <span class='ocrx_word' id='word_1_104' title='bbox 635 1347 790 1397; x_wconf 87' lang='lat' dir='ltr'>monentem</span> 
     </span>
     <span class='ocr_line' id='line_1_18' title="bbox 122 1411 773 1487; baseline 0.003 -18"><span class='ocrx_word' id='word_1_105' title='bbox 122 1413 237 1485; x_wconf 90' lang='lat' dir='ltr'>spernit,</span> <span class='ocrx_word' id='word_1_106' title='bbox 257 1421 284 1470; x_wconf 87' lang='lat' dir='ltr'>et</span> <span class='ocrx_word' id='word_1_107' title='bbox 294 1420 340 1468; x_wconf 89' lang='lat' dir='ltr'>aut</span> <span class='ocrx_word' id='word_1_108' title='bbox 348 1411 471 1486; x_wconf 82' lang='lat' dir='ltr'>gradiens</span> <span class='ocrx_word' id='word_1_109' title='bbox 481 1412 583 1486; x_wconf 78' lang='lat' dir='ltr'>ingenti</span> <span class='ocrx_word' id='word_1_110' title='bbox 594 1411 679 1467; x_wconf 86' lang='lat' dir='ltr'>littora</span> <span class='ocrx_word' id='word_1_111' title='bbox 688 1429 773 1487; x_wconf 89' lang='lat' dir='ltr'>passu</span> 
     </span>
     <span class='ocr_line' id='line_1_19' title="bbox 122 1486 817 1560; baseline 0.001 -18"><span class='ocrx_word' id='word_1_112' title='bbox 122 1489 256 1560; x_wconf 82' lang='lat' dir='ltr'>degravat,</span> <span class='ocrx_word' id='word_1_113' title='bbox 276 1495 322 1542; x_wconf 83' lang='lat' dir='ltr'>aut</span> <span class='ocrx_word' id='word_1_114' title='bbox 331 1486 418 1543; x_wconf 90' lang='lat' dir='ltr'>lessus</span> <span class='ocrx_word' id='word_1_115' title='bbox 429 1487 570 1560; x_wconf 89' lang='lat' dir='ltr'>subcpaca</span> <span class='ocrx_word' id='word_1_116' title='bbox 579 1487 719 1549; x_wconf 85' lang='lat' dir='ltr'>revertitur</span> <span class='ocrx_word' id='word_1_117' title='bbox 728 1496 817 1549; x_wconf 74' lang='lat' dir='ltr'>antra.</span> 
     </span>
     <span class='ocr_line' id='line_1_20' title="bbox 122 1561 781 1637; baseline 0.009 -22"><span class='ocrx_word' id='word_1_118' title='bbox 122 1561 256 1617; x_wconf 84' lang='lat' dir='ltr'>Prominet</span> <span class='ocrx_word' id='word_1_119' title='bbox 264 1561 293 1617; x_wconf 92' lang='lat' dir='ltr'>in</span> <span class='ocrx_word' id='word_1_120' title='bbox 303 1570 416 1632; x_wconf 88' lang='lat' dir='ltr'>pontum</span> <span class='ocrx_word' id='word_1_121' title='bbox 425 1571 553 1619; x_wconf 81' lang='lat' dir='ltr'>cuneatus</span> <span class='ocrx_word' id='word_1_122' title='bbox 563 1562 686 1618; x_wconf 80' lang='lat' dir='ltr'>acumine</span> <span class='ocrx_word' id='word_1_123' title='bbox 699 1561 781 1637; x_wconf 80' lang='lat' dir='ltr'>longo</span> 
     </span>
     <span class='ocr_line' id='line_1_21' title="bbox 122 1635 854 1708; baseline 0.003 -15"><span class='ocrx_word' id='word_1_124' title='bbox 122 1635 211 1693; x_wconf 90' lang='lat' dir='ltr'>collis:</span> <span class='ocrx_word' id='word_1_125' title='bbox 232 1643 378 1708; x_wconf 82' lang='lat' dir='ltr'>utrumque</span> <span class='ocrx_word' id='word_1_126' title='bbox 387 1635 456 1693; x_wconf 91' lang='lat' dir='ltr'>latus</span> <span class='ocrx_word' id='word_1_127' title='bbox 466 1636 626 1695; x_wconf 85' lang='lat' dir='ltr'>circumfluit</span> <span class='ocrx_word' id='word_1_128' title='bbox 634 1639 758 1708; x_wconf 82' lang='lat' dir='ltr'>aequoris</span> <span class='ocrx_word' id='word_1_129' title='bbox 768 1640 854 1697; x_wconf 91' lang='lat' dir='ltr'>unda.</span> 
     </span>
    </p>

    <p class='ocr_par' dir='ltr' id='par_1_6' title="bbox 69 1709 859 2084">
     <span class='ocr_line' id='line_1_22' title="bbox 69 1709 835 1786; baseline 0.008 -21"><span class='ocrx_word' id='word_1_130' title='bbox 69 1723 108 1767; x_wconf 73' lang='lat' dir='ltr'>tac</span> <span class='ocrx_word' id='word_1_131' title='bbox 122 1714 180 1768; x_wconf 89' lang='lat' dir='ltr'>Huc</span> <span class='ocrx_word' id='word_1_132' title='bbox 187 1711 260 1768; x_wconf 83' lang='lat' dir='ltr'>ferus</span> <span class='ocrx_word' id='word_1_133' title='bbox 269 1710 405 1769; x_wconf 85' lang='lat' dir='ltr'>adscendit</span> <span class='ocrx_word' id='word_1_134' title='bbox 413 1709 536 1786; x_wconf 83' lang='lat' dir='ltr'>Cyclops,</span> <span class='ocrx_word' id='word_1_135' title='bbox 557 1711 717 1784; x_wconf 84' lang='lat' dir='ltr'>mediusque</span> <span class='ocrx_word' id='word_1_136' title='bbox 726 1714 835 1771; x_wconf 86' lang='lat' dir='ltr'>resedit.</span> 
     </span>
     <span class='ocr_line' id='line_1_23' title="bbox 121 1785 758 1861; baseline 0.002 -19"><span class='ocrx_word' id='word_1_137' title='bbox 121 1786 397 1861; x_wconf 81' lang='lat' dir='ltr'>Lanigeraepecudes,</span> <span class='ocrx_word' id='word_1_138' title='bbox 419 1785 623 1852; x_wconf 84' lang='lat' dir='ltr'>nulloducente,</span> <span class='ocrx_word' id='word_1_139' title='bbox 644 1794 758 1844; x_wconf 85' lang='lat' dir='ltr'>secutae.</span> 
     </span>
     <span class='ocr_line' id='line_1_24' title="bbox 123 1861 847 1934; baseline 0.011 -19"><span class='ocrx_word' id='word_1_140' title='bbox 123 1862 173 1916; x_wconf 86' lang='lat' dir='ltr'>Cui</span> <span class='ocrx_word' id='word_1_141' title='bbox 183 1870 324 1933; x_wconf 84' lang='lat' dir='ltr'>postquam</span> <span class='ocrx_word' id='word_1_142' title='bbox 334 1861 425 1934; x_wconf 85' lang='lat' dir='ltr'>pinus,</span> <span class='ocrx_word' id='word_1_143' title='bbox 446 1861 534 1919; x_wconf 86' lang='lat' dir='ltr'>baculi</span> <span class='ocrx_word' id='word_1_144' title='bbox 543 1879 612 1934; x_wconf 86' lang='lat' dir='ltr'>quae</span> <span class='ocrx_word' id='word_1_145' title='bbox 622 1862 744 1932; x_wconf 86' lang='lat' dir='ltr'>praebuit</span> <span class='ocrx_word' id='word_1_146' title='bbox 753 1881 847 1930; x_wconf 85' lang='lat' dir='ltr'>usum,</span> 
     </span>
     <span class='ocr_line' id='line_1_25' title="bbox 122 1935 847 2009; baseline 0.008 -21"><span class='ocrx_word' id='word_1_147' title='bbox 122 1935 270 2005; x_wconf 83' lang='lat' dir='ltr'>antepedes</span> <span class='ocrx_word' id='word_1_148' title='bbox 279 1937 364 2006; x_wconf 89' lang='lat' dir='ltr'>posita</span> <span class='ocrx_word' id='word_1_149' title='bbox 375 1943 423 2002; x_wconf 91' lang='lat' dir='ltr'>est,</span> <span class='ocrx_word' id='word_1_150' title='bbox 444 1937 566 1993; x_wconf 80' lang='lat' dir='ltr'>antennis</span> <span class='ocrx_word' id='word_1_151' title='bbox 576 1944 635 2009; x_wconf 91' lang='lat' dir='ltr'>apta</span> <span class='ocrx_word' id='word_1_152' title='bbox 646 1935 771 2005; x_wconf 84' lang='lat' dir='ltr'>ferendis,</span> <span class='ocrx_word' id='word_1_153' title='bbox 841 1961 847 1972; x_wconf 95' lang='lat'><strong>·</strong></span> 
     </span>
     <span class='ocr_line' id='line_1_26' title="bbox 122 2010 859 2084; baseline 0.015 -22"><span class='ocrx_word' id='word_1_154' title='bbox 122 2015 263 2082; x_wconf 89' lang='lat' dir='ltr'>sumtaque</span> <span class='ocrx_word' id='word_1_155' title='bbox 272 2010 448 2066; x_wconf 83' lang='lat' dir='ltr'>arundinibus</span> <span class='ocrx_word' id='word_1_156' title='bbox 457 2019 590 2084; x_wconf 82' lang='lat' dir='ltr'>compacta</span> <span class='ocrx_word' id='word_1_157' title='bbox 600 2010 737 2068; x_wconf 85' lang='lat' dir='ltr'>estfistula</span> <span class='ocrx_word' id='word_1_158' title='bbox 745 2022 859 2082; x_wconf 63' lang='lat' dir='ltr'>centum</span> 
     </span>
    </p>

    <p class='ocr_par' dir='ltr' id='par_1_7' title="bbox 68 2083 824 2459">
     <span class='ocr_line' id='line_1_27' title="bbox 68 2083 657 2155; baseline 0.003 -16"><span class='ocrx_word' id='word_1_159' title='bbox 68 2095 108 2139; x_wconf 78' lang='grc'>785</span> <span class='ocrx_word' id='word_1_160' title='bbox 122 2089 263 2138; x_wconf 87' lang='lat' dir='ltr'>senserunt</span> <span class='ocrx_word' id='word_1_161' title='bbox 272 2083 318 2140; x_wconf 90' lang='lat' dir='ltr'>tcti</span> <span class='ocrx_word' id='word_1_162' title='bbox 328 2086 442 2155; x_wconf 81' lang='lat' dir='ltr'>pastoria</span> <span class='ocrx_word' id='word_1_163' title='bbox 451 2087 530 2143; x_wconf 86' lang='lat' dir='ltr'>sibila</span> <span class='ocrx_word' id='word_1_164' title='bbox 539 2095 657 2143; x_wconf 88' lang='lat' dir='ltr'>montes:</span> 
     </span>
     <span class='ocr_line' id='line_1_28' title="bbox 122 2158 792 2236; baseline 0.004 -22"><span class='ocrx_word' id='word_1_165' title='bbox 122 2166 263 2214; x_wconf 88' lang='lat' dir='ltr'>senserunt</span> <span class='ocrx_word' id='word_1_166' title='bbox 272 2158 368 2215; x_wconf 86' lang='lat' dir='ltr'>undae.</span> <span class='ocrx_word' id='word_1_167' title='bbox 398 2162 664 2236; x_wconf 81' lang='lat' dir='ltr'>Latitansegorups,</span> <span class='ocrx_word' id='word_1_168' title='bbox 684 2160 792 2232; x_wconf 84' lang='lat' dir='ltr'>meique</span> 
     </span>
     <span class='ocr_line' id='line_1_29' title="bbox 122 2234 824 2310; baseline 0.009 -20"><span class='ocrx_word' id='word_1_169' title='bbox 122 2235 213 2290; x_wconf 84' lang='lat' dir='ltr'>Acidis</span> <span class='ocrx_word' id='word_1_170' title='bbox 223 2234 251 2288; x_wconf 92' lang='lat' dir='ltr'>in</span> <span class='ocrx_word' id='word_1_171' title='bbox 259 2235 361 2308; x_wconf 82' lang='lat' dir='ltr'>gremio</span> <span class='ocrx_word' id='word_1_172' title='bbox 370 2235 498 2303; x_wconf 86' lang='lat' dir='ltr'>residens,</span> <span class='ocrx_word' id='word_1_173' title='bbox 518 2236 610 2310; x_wconf 86' lang='lat' dir='ltr'>procul</span> <span class='ocrx_word' id='word_1_174' title='bbox 621 2234 732 2292; x_wconf 84' lang='lat' dir='ltr'>auribus</span> <span class='ocrx_word' id='word_1_175' title='bbox 742 2236 824 2296; x_wconf 78' lang='lat' dir='ltr'>hausi</span> 
     </span>
     <span class='ocr_line' id='line_1_30' title="bbox 122 2309 720 2383; baseline 0.002 -19"><span class='ocrx_word' id='word_1_176' title='bbox 122 2309 184 2364; x_wconf 89' lang='lat' dir='ltr'>talia</span> <span class='ocrx_word' id='word_1_177' title='bbox 193 2309 261 2364; x_wconf 89' lang='lat' dir='ltr'>dicta</span> <span class='ocrx_word' id='word_1_178' title='bbox 271 2310 352 2382; x_wconf 89' lang='lat' dir='ltr'>meis,</span> <span class='ocrx_word' id='word_1_179' title='bbox 373 2309 516 2383; x_wconf 85' lang='lat' dir='ltr'>auditaque</span> <span class='ocrx_word' id='word_1_180' title='bbox 525 2313 604 2368; x_wconf 83' lang='lat' dir='ltr'>verba</span> <span class='ocrx_word' id='word_1_181' title='bbox 617 2309 720 2367; x_wconf 62' lang='lat' dir='ltr'>naevi:</span> 
     </span>
     <span class='ocr_line' id='line_1_31' title="bbox 123 2383 703 2459; baseline 0.01 -22"><span class='ocrx_word' id='word_1_182' title='bbox 123 2383 265 2439; x_wconf 86' lang='lat' dir='ltr'>Candidior</span> <span class='ocrx_word' id='word_1_183' title='bbox 274 2383 336 2440; x_wconf 85' lang='lat' dir='ltr'>folio</span> <span class='ocrx_word' id='word_1_184' title='bbox 345 2383 426 2448; x_wconf 89' lang='lat' dir='ltr'>nivei,</span> <span class='ocrx_word' id='word_1_185' title='bbox 447 2385 563 2453; x_wconf 87' lang='lat' dir='ltr'>Galatea,</span> <span class='ocrx_word' id='word_1_186' title='bbox 585 2385 703 2459; x_wconf 80' lang='lat' dir='ltr'>ligustri3</span> 
     </span>
    </p>

    <p class='ocr_par' dir='ltr' id='par_1_8' title="bbox 69 2455 723 2603">
     <span class='ocr_line' id='line_1_32' title="bbox 69 2455 658 2530; baseline 0.01 -20"><span class='ocrx_word' id='word_1_187' title='bbox 69 2467 109 2511; x_wconf 80' lang='lat'>790</span> <span class='ocrx_word' id='word_1_188' title='bbox 119 2455 236 2511; x_wconf 86' lang='lat' dir='ltr'>floridior</span> <span class='ocrx_word' id='word_1_189' title='bbox 245 2467 332 2528; x_wconf 82' lang='lat' dir='ltr'>prat03</span> <span class='ocrx_word' id='word_1_190' title='bbox 354 2457 433 2530; x_wconf 81' lang='lat' dir='ltr'>longa</span> <span class='ocrx_word' id='word_1_191' title='bbox 442 2462 573 2527; x_wconf 86' lang='lat' dir='ltr'>procerior</span> <span class='ocrx_word' id='word_1_192' title='bbox 583 2461 658 2528; x_wconf 91' lang='lat' dir='ltr'>alno;</span> 
     </span>
     <span class='ocr_line' id='line_1_33' title="bbox 123 2529 723 2603; baseline 0.013 -21"><span class='ocrx_word' id='word_1_193' title='bbox 123 2529 286 2600; x_wconf 86' lang='lat' dir='ltr'>splendidior</span> <span class='ocrx_word' id='word_1_194' title='bbox 295 2532 376 2597; x_wconf 88' lang='lat' dir='ltr'>vitr0;</span> <span class='ocrx_word' id='word_1_195' title='bbox 398 2538 486 2586; x_wconf 87' lang='lat' dir='ltr'>tenero</span> <span class='ocrx_word' id='word_1_196' title='bbox 496 2532 618 2590; x_wconf 84' lang='lat' dir='ltr'>lascivior</span> <span class='ocrx_word' id='word_1_197' title='bbox 627 2533 723 2603; x_wconf 74' lang='lat' dir='ltr'>haedo,</span> 
     </span>
    </p>
   </div>
   <div class='ocr_carea' id='block_1_3' title="bbox 112 2602 710 2682">
    <p class='ocr_par' dir='ltr' id='par_1_9' title="bbox 112 2602 710 2682">
     <span class='ocr_line' id='line_1_34' title="bbox 112 2602 710 2682; baseline 0.005 -24"><span class='ocrx_word' id='word_1_198' title='bbox 112 2602 336 2664; x_wconf 74' lang='lat' dir='ltr'>laeriotussiduo</span> <span class='ocrx_word' id='word_1_199' title='bbox 345 2603 451 2671; x_wconf 75' lang='lat' dir='ltr'>detritis</span> <span class='ocrx_word' id='word_1_200' title='bbox 460 2623 577 2682; x_wconf 78' lang='lat' dir='ltr'>aequore</span> <span class='ocrx_word' id='word_1_201' title='bbox 584 2607 710 2675; x_wconf 67' lang='lat' dir='ltr'>maenis,</span> 
     </span>
    </p>
   </div>
   <div class='ocr_carea' id='block_1_4' title="bbox 0 0 947 2940">
    <p class='ocr_par' dir='ltr' id='par_1_10' title="bbox 0 0 947 2940">
     <span class='ocr_line' id='line_1_35' title="bbox 0 0 947 2940; baseline 0 0"><span class='ocrx_word' id='word_1_202' title='bbox 0 0 947 2940; x_wconf 95' lang='lat' dir='ltr'> </span> 
     </span>
    </p>
   </div>
   <div class='ocr_carea' id='block_1_5' title="bbox 85 2882 236 2916">
    <p class='ocr_par' dir='ltr' id='par_1_11' title="bbox 85 2882 236 2916">
     <span class='ocr_line' id='line_1_36' title="bbox 85 2882 236 2916; baseline 0 0"><span class='ocrx_word' id='word_1_203' title='bbox 85 2882 127 2916; x_wconf 70' lang='lat' dir='ltr'><em>A</em></span> <span class='ocrx_word' id='word_1_204' title='bbox 215 2894 236 2916; x_wconf 67' lang='grc' dir='ltr'>ι</span> 
     </span>
    </p>
   </div>
  </div>
 </body>
</html>
