1874 2940
121 118 169 172 llss
297 125 327 170 Ρ.
349 125 474 174 0v1n11
497 127 662 175 NASONIS

119 221 177 278 Illic
185 230 211 279 et
218 222 298 298 gelidi
308 226 407 282 ueniux
416 225 509 282 noan
519 229 636 300 tyranni,

119 304 145 353 et
153 299 275 372 genetrix
284 300 350 357 laeta
359 308 407 366 est,
427 308 573 372 partusque
584 305 661 358 enixa
672 302 814 376 gemellae,

120 382 219 429 caetera
229 377 277 449 qui
287 375 387 440 matris,
407 390 508 445 pennas
516 377 644 447 genitoris
654 377 800 435 habebant.

120 449 180 504 Non
193 457 281 506 tamen
290 449 339 504 has
349 464 403 503 una
412 455 559 502 memorant
568 467 631 504 cum
641 467 750 522 corpore
759 463 855 512 natas:

65 532 106 577 715
120 523 256 597 barbaque
264 524 329 578 dum
339 519 426 575 rutilis
435 521 525 575 aberat
533 522 669 576 submissa
678 527 795 597 capillis,

122 598 266 670 implumes
276 594 416 665 Calaisque
423 608 491 663 puer
500 596 628 666 Zetesque
638 595 758 653 luerunt.

120 672 184 726 Mox
194 670 292 742 pariter
299 667 352 720 ritu
361 682 465 736 pennae
474 683 581 737 coepere
589 666 730 721 volucrum

121 745 165 798 eiu
184 759 227 796 ere
238 737 476 809 utrumquelatus;
496 739 594 811 pariter
603 738 741 793 flavescere
751 747 851 805 malae.

119 815 142 869 Ε
199 855 205 879 ,
225 812 273 868 ubi
282 811 411 866 concessit
419 817 525 884 tempus
537 809 639 884 puerile
652 811 784 877 iuventae,

66 899 105 942 tna
119 831 216 941 vellgra
225 901 287 940 num
297 885 396 960 Minyis
405 886 489 943 nitido
498 886 626 943 radiantia
634 883 700 941 villo

120 976 168 1034 per
176 976 249 1017 mare
258 977 312 1016 non
322 967 415 1018 natum
423 961 510 1036 prima
521 961 618 1038 petiere
626 961 725 1017 carina.

266 1138 423 1198 uranu
459 1095 728 1200 strennuus.

122 1252 237 1338 Iamque
245 1262 343 1320 fretum
352 1261 458 1338 Minyae
467 1263 597 1338 Pagasaea
606 1277 696 1335 puppa
705 1259 839 1327 secabant,

123 1348 303 1412 perpetuaque
312 1338 419 1394 trahens
428 1339 536 1412 inopem
546 1337 598 1394 sud
607 1344 681 1394 nocte
691 1341 823 1390 senectam

123 1415 200 1469 visus
211 1423 266 1469 erat
276 1414 409 1480 Phineus3
430 1413 594 1483 iuvenesque
602 1410 734 1483 Aquilone
743 1410 823 1463 creati

123 1489 151 1540 vi
186 1488 258 1541 'neas
269 1487 390 1542 volucres
400 1485 490 1538 miseri
500 1487 573 1539 senis
585 1501 630 1538 ore
639 1484 775 1557 fugarant;

123 1504 261 1631 mlrllaque
269 1558 388 1630 perpessi
400 1557 470 1611 claro
479 1557 531 1610 sub
542 1558 648 1621 lasona,
668 1558 775 1612 tandem

124 1633 287 1706 contigerant
296 1630 401 1702 rapidas
411 1628 498 1684 limosi
509 1629 636 1685 Phasidos
646 1631 743 1687 undas.
756 1664 761 1673 ·

124 1709 248 1780 Dumque
267 1705 366 1761 adeunt
384 1719 487 1776 regem,
511 1704 686 1780 Phryxeaque
702 1705 800 1762 vellera
818 1723 870 1779 pa-

599 1788 687 1847 scunt,

125 1855 221 1928 lexque
230 1852 411 1928 daturlllinyis
420 1871 579 1928 magnorum
588 1855 718 1912 horrende
728 1855 867 1918 laborum:

125 1930 239 2001 concipit
249 1930 347 1984 interea
355 1927 457 1984 validos
466 1929 569 1986 Aeetias
577 1932 667 2006 ignes:

72 2018 98 2062 10
125 2012 151 2059 et
161 2003 256 2059 luctata
265 2003 326 2069 diu.
345 2010 486 2076 postquam
497 2008 596 2062 ratione
607 2005 723 2062 furorem

125 2080 415 2149 vincerenonpoterat3
436 2081 560 2147 Frustra,
573 2080 678 2148 Medea,
696 2097 848 2155 repugnem

127 2153 472 2227 nescioquisdeusohstat‚
493 2155 544 2210 ait:
564 2155 732 2230 mirumque,
753 2155 870 2214 nisihoe

602 2237 650 2295 est,

127 2313 173 2361 aut
182 2303 284 2378 aliquid
292 2311 360 2359 certe
370 2303 457 2358 simile
466 2303 544 2368 huie,
565 2305 637 2376 quod
649 2314 867 2364 amarevocatur.

126 2382 194 2436 Nam
204 2397 251 2436 cur
262 2379 335 2434 iussa
343 2379 426 2450 patris
436 2379 550 2434 nimium
561 2379 627 2433 mihi
638 2380 704 2435 dura
713 2379 859 2437 videntur?

75 2466 101 2509 1⁵
128 2454 197 2511 Sunt
205 2472 314 2529 quoque
322 2454 390 2510 dura
399 2453 491 2510 nimis.
524 2453 592 2521 Cur,
614 2452 872 2582 quemdmndodeni-

604 2546 692 2601 quevr
711 2546 731 2593 ι,

122 2604 388 2680 repetentium?
414 2604 488 2674 Quae
497 2605 563 2661 tanti
572 2619 666 2660 caussa
674 2603 795 2659 timoris?
