1874 2940
124 125 173 178 ⁴54
301 127 330 172 P.
350 126 661 174 0v1n11Nasoms

121 232 174 285 Has
184 229 232 286 ubi
242 226 365 286 verbenis
374 228 495 300 silvaque
503 226 617 282 incinxit
625 226 735 302 agresti;

122 305 195 362 haud
203 304 295 377 procul
305 311 393 378 egesta
403 302 542 359 scrobibus
553 300 645 356 tellure
653 302 759 358 duabus

122 399 195 438 sacra
206 379 280 435 iacit:
301 379 453 451 cultrosque
462 378 491 432 in
500 383 607 450 guttura
617 375 722 432 velleris
731 375 783 434 atri

68 465 108 513 245
122 456 242 524 coniicit;
263 462 289 509 et
299 452 404 526 patulas
414 450 551 525 perfundit
560 451 796 525 sauguinefossas.

123 532 192 586 Tum
201 547 281 602 super
290 530 433 603 invergens
442 526 522 599 tepidi
535 527 667 581 carchesia
677 526 761 593 lactis,

123 606 257 678 alteraque
266 605 408 676 invergens
418 601 514 675 liquidi
525 601 658 656 carchesia
671 602 770 669 mellis,

122 682 203 737 verba
212 678 295 734 simul
305 677 402 742 fundit,
423 684 579 747 terrenaque
591 676 703 732 numine
712 681 817 749 poscit:

122 756 335 823 umbrarumque
344 759 418 824 rogat
429 759 503 823 rapta
511 768 574 805 cum
582 752 695 826 coniuge
704 770 805 827 regem,

70 839 109 885 250
124 845 157 884 ne
165 833 305 901 properent
314 832 387 879 artus
397 825 486 879 anima
495 823 617 880 fraudare
627 826 734 883 seniles.

124 903 196 970 Quos
207 901 253 956 ubi
263 899 378 973 placavit
386 899 563 972 precibusque
572 908 598 955 et
607 917 746 958 murmure
758 899 841 978 longo

123 977 235 1034 Aesonis
244 975 350 1031 effetum
360 973 470 1046 proferri
479 992 576 1048 corpus
586 975 620 1030 ad
630 993 688 1031 aras

123 1053 216 1109 iussit:
237 1051 300 1107 etin
309 1050 401 1123 plenos
411 1049 557 1106 resolutum
566 1052 684 1106 carmine
693 1068 810 1116 somnos,

123 1127 240 1185 exanimi
250 1127 381 1192 similem,
402 1125 490 1181 stratis
498 1126 615 1198 porrexit
624 1126 653 1179 iu
662 1126 762 1180 herbis.

69 1216 109 1260 255
123 1205 192 1261 Hinc
203 1203 295 1278 procul
307 1200 472 1268 Aesoniden,
494 1200 586 1274 procul
600 1201 663 1256 hinc
675 1201 749 1256 iubet
761 1202 800 1256 ire
815 1205 871 1257 mi-

600 1275 711 1332 nistros:

125 1362 151 1409 et
160 1362 248 1410 monet
257 1355 360 1411 arcanis
368 1353 459 1410 oculos
468 1369 602 1408 removere
611 1350 746 1424 profanos.

124 1429 272 1501 Diffugiunt
280 1430 358 1483 iussi.
387 1429 492 1500 Sparsis
501 1427 591 1483 Medea
602 1425 715 1498 capillis,

123 1501 302 1556 bacchantum
312 1503 375 1566 ritu,
396 1501 537 1576 flagrantes
549 1501 642 1556 circuit
651 1518 724 1569 aras;

124 1573 326 1645 multifidasque
335 1573 404 1628 iaces
414 1575 443 1629 in
456 1574 526 1630 fossa
535 1576 676 1647 sanguinis
686 1583 742 1630 atra

70 1663 109 1707 250
124 1649 216 1724 tingit:
237 1654 264 1702 et
271 1648 395 1703 intinctas
404 1649 519 1720 geminis
529 1649 647 1704 accendit
656 1651 685 1706 in
694 1651 762 1706 aris:

123 1733 216 1797 terque
225 1740 315 1778 senem
324 1720 441 1788 flamma,
457 1730 496 1777 tar
505 1741 584 1796 aqua,
600 1731 639 1779 ter
648 1724 751 1781 sulfure
760 1724 865 1783 lustrat.

123 1802 224 1856 Interea
233 1797 317 1853 calido
325 1797 442 1869 positum
453 1797 615 1855 medicamen
625 1801 691 1855 ae'no

124 1874 220 1939 fervet,
240 1872 402 1941 etexsultat3
423 1873 583 1946 spumisque
591 1874 756 1931 tumentibus
766 1874 852 1932 albet..

122 1949 181 2006 Illic
190 1947 333 2002 Haemonia
343 1946 443 2003 radices
452 1947 521 2003 valle
530 1957 650 2015 resectas,

70 2037 109 2084 265
123 2024 279 2095 seminaque
288 2028 314 2076 et
322 2020 398 2078 flores
408 2030 434 2078 et
442 2039 534 2079 succos
544 2024 664 2096 incoquit
672 2033 752 2082 atros.

123 2097 221 2157 Adiicit
229 2103 345 2153 extremo
354 2095 455 2170 lapides
464 2097 570 2155 Oriente
577 2100 681 2171 petitos,

123 2183 162 2242 et,
183 2189 251 2247 quas
261 2170 358 2228 Oceani
368 2171 482 2229 refluum
491 2191 564 2229 mare
574 2173 647 2242 latit,
667 2193 770 2232 arenas.

123 2249 232 2307 Addidit
242 2255 362 2319 exceptas
371 2249 448 2304 Luna
456 2256 579 2321 pernocte
587 2251 708 2322 pruinas,
770 2262 775 2270 ·

123 2335 149 2383 et
161 2324 251 2400 strigis
261 2321 388 2390 infames,
409 2323 476 2396 ipsis
486 2341 547 2379 cum
558 2325 697 2391 carnibus,
718 2325 787 2397 alas,

69 2413 109 2456 27⁰
122 2402 206 2474 inque
215 2399 305 2457 virum
315 2397 384 2455 soliti
394 2397 487 2454 vultus
496 2407 599 2455 mutare
608 2399 706 2456 ferinos

124 2475 243 2548 ambigui
252 2482 369 2547 prosecta
380 2472 448 2546 lupi.
478 2475 532 2529 Nec
544 2474 627 2530 defuit
635 2474 690 2530 illis

121 2566 249 2621 squamea
266 2548 394 2626 Cinyphii
404 2549 492 2604 taurus
502 2551 657 2606 membrana
665 2549 723 2605 chel
743 2549 795 2616 dri,

113 2624 360 2700 vr'vacisquerecur
368 2625 458 2699 cervi3
480 2626 730 2702 quibusinsuqera
761 2624 787 2674 ’t

146 2886 175 2916 A
