1874 2940
287 119 337 179 358
475 123 503 169 Ρ.
525 122 652 171 ovum
670 122 844 172 NASONIS

286 224 479 297 Armeniaeque
487 226 578 299 tigres,
598 222 773 296 iracundique
783 223 888 295 leones,

287 319 403 373 cumque
413 300 483 372 lupis
493 299 900 373 ursi‚dnpibuscun1sanguine
915 331 926 371 2

287 378 344 431 ileu
354 384 485 449 quantum
496 374 641 438 sedasset,
662 373 691 428 in
701 373 802 428 viscera
812 376 921 434 viscera

288 459 464 524 congestoque
475 450 584 505 avidum
593 450 767 522 pinguescere
777 465 891 520 corpore
901 471 935 511 00

234 538 260 582 11
289 525 450 597 alteriusque
461 526 623 579 animantem
633 522 776 578 animantis
787 524 881 582 vivere
891 527 937 584 let

289 600 430 656 Scilicetin
441 601 520 654 tantis
529 600 636 671 opibus,
656 616 735 670 quas,
755 598 857 669 optima
868 612 937 658 mat

290 686 356 731 terra
367 683 445 740 creat,
467 673 505 728 nil
516 683 540 727 te
551 675 603 728 nisi
614 673 698 726 tristia
709 672 833 727 mandere
842 692 927 734 saevo

290 750 399 805 vulnera
410 749 486 802 dente
496 749 578 811 iuvat,
600 748 721 818 ritusque
731 745 826 802 referre
835 748 936 824 Cyclo

291 840 353 885 nee,
375 822 426 875 nisi
437 821 581 891 perdideris
592 821 689 886 alium,
710 821 813 893 placare
824 827 932 882 voracis

237 911 262 954 13
290 902 316 950 et
325 894 393 949 male
403 895 495 950 morati
507 897 602 967 poteris
613 897 711 951 ieiunia
723 896 842 950 ventris?

290 970 325 1026 At
334 978 410 1025 vetus
419 969 463 1025 illa
475 980 555 1038 aetas,
575 973 618 1027 cui
629 972 740 1027 lecimus
749 971 836 1026 Aurea
849 990 933 1030 nome

291 1045 404 1103 foetibus
414 1047 539 1113 arboreis,
559 1056 593 1113 et,
614 1065 681 1119 quas
691 1046 791 1101 humus
801 1045 907 1116 educat,

290 1121 489 1188 fortunataluit
510 1139 558 1177 nec
567 1121 661 1194 polluit
670 1138 715 1177 ora
725 1138 827 1177 cruore.

292 1199 367 1253 Tunc
378 1206 404 1253 et
412 1216 474 1253 aves
483 1204 554 1252 tutae
567 1214 671 1253 movere
681 1214 727 1269 per
735 1199 794 1251 aira
802 1212 923 1269 pennas,

238 1285 277 1328 100
292 1283 317 1328 et
327 1274 402 1345 lepus
412 1273 564 1345 impavidus
574 1272 668 1327 mediis
678 1272 774 1326 erravit
783 1271 811 1325 in
824 1272 915 1329 arvis:

293 1366 341 1403 nec
350 1366 398 1403 sua
408 1348 548 1403 credulitas
559 1348 659 1419 piscem
670 1344 845 1419 suspenderat
853 1346 933 1404 hem

293 1423 393 1478 Cuncta
403 1426 460 1478 sine
471 1423 590 1489 insidiis,
605 1422 761 1495 nullamque
770 1421 891 1476 timentia
905 1423 918 1476 l
936 1466 937 1471 ,

292 1497 424 1568 plenaque
434 1499 507 1567 pacis
519 1506 602 1554 erant.
632 1499 775 1570 Postquam
786 1514 840 1552 non
850 1496 929 1553 utilis

293 1571 408 1628 victibus
418 1571 523 1638 invidit,
544 1574 669 1646 quisquis
682 1573 733 1629 luit
746 1572 790 1627 ille
799 1571 932 1640 virorum,

240 1660 279 1702 105
293 1665 483 1722 corporeasque
493 1647 574 1720 dapes
584 1648 689 1704 avidam
700 1647 825 1703 demersit
836 1647 865 1701 in
875 1645 921 1703 alv

294 1722 354 1778 fecit
364 1724 412 1779 iter
421 1724 528 1791 sceleri,
548 1721 925 1797 primoqueeeeedeierarum

295 1797 437 1853 incaluisse
445 1809 521 1871 putes
533 1801 695 1857 maculatum
705 1800 837 1874 sanguine
848 1796 933 1852 larru

294 1869 557 1940 ldquesatisiuerat:
580 1884 754 1946 nostrumque
762 1873 876 1945 petentia
885 1871 921 1929 le
936 1904 937 1915 ι

294 1959 401 2013 corpora
411 1945 493 1998 missa
502 1949 560 2000 neci
570 1949 643 2002 salva
652 1950 747 2019 pietate
756 1948 878 2003 latemur.

241 2031 280 2075 110
295 2017 345 2072 Sed
356 2034 437 2089 quam
449 2017 536 2073 danda
547 2021 613 2084 neci,
634 2028 688 2075 tam
699 2040 752 2076 non
762 2022 894 2095 epulanda
902 2018 931 2077 lu

295 2094 413 2170 Longius
424 2091 486 2148 inde
495 2092 568 2147 nelas
581 2094 659 2160 abiit,
680 2102 705 2149 et
714 2097 800 2168 prima
811 2104 920 2170 putatur

294 2171 380 2226 hestia
391 2187 438 2224 sus
448 2169 578 2224 meruisse
590 2170 672 2236 mori,
693 2172 757 2244 quia
766 2173 868 2227 semine
878 2191 935 2227 ros·

295 2248 391 2302 eruerit
400 2245 501 2319 pando,
522 2262 651 2318 spemque
660 2247 825 2320 interceperit
836 2247 911 2301 anni.

294 2322 354 2377 Vite
362 2340 440 2394 caper
448 2339 535 2378 morsa
545 2321 639 2375 Bacchi
650 2331 779 2380 mactatus
793 2321 826 2377 ad
835 2338 893 2375 ares

242 2407 281 2450 115
296 2396 506 2453 diciturultoris.
535 2396 631 2452 Nocuit
640 2415 690 2453 sua
699 2398 778 2471 culpa
788 2396 893 2452 duobus

296 2470 936 2546 Quidmeruistis,oves‚placidumpecus,inquet

297 2552 389 2600 natum
398 2547 534 2612 homines,
553 2545 631 2619 pleno
640 2565 709 2620 quae
718 2549 791 2603 fertis
803 2548 832 2602 in
846 2545 927 2600 ubere

284 2619 379 2680 mollia
389 2641 461 2700 quae
468 2625 551 2686 nobis
561 2633 666 2688 vestras
674 2621 898 2685 uelaminalanas
