1874 2940
123 269 138 318 8
307 272 335 317 Ρ.
360 268 488 317 ovlnu
509 269 674 316 NASONIS

122 371 255 446 sanguine
262 369 389 428 Caesareo
398 370 552 425 Romanum¹
558 369 714 444 extinguere
722 387 829 435 nomen,

123 447 263 501 attonitum
275 452 348 502 tento
355 444 461 500 subitae
469 451 567 500 terrore
575 444 669 500 ruinae

123 520 274 576 humanum
282 536 369 594 genus
378 526 427 584 est,
448 525 573 590 totusque
582 518 735 590 perhorruit
746 519 829 575 orhis.

123 595 177 649 Nee
187 593 235 650 tihi
244 601 317 681 grate
326 594 419 649 minus
428 593 523 665 pietas,
542 592 679 666 Auguste.
699 601 817 659 tuorum,

70 681 109 723 aot
124 685 206 740 quem
217 668 268 724 furt
277 668 323 724 ilia
332 668 398 725 Iovi.
442 666 494 735 Qui
504 675 648 740 postquam
657 684 722 723 voce
731 685 869 740 manuque

123 760 263 798 murmura
272 742 439 814 compressit,
460 749 568 798 tenuere
576 740 682 797 silentia
692 743 791 797 cuncti.

122 817 246 872 Substitit
255 824 285 872 ut
295 816 409 882 elamor,
429 833 540 888 pressus
581 816 677 872 aueo
686 818 811 890 regentis,

123 892 223 962 Iupiter
232 891 283 946 hoc
292 890 390 946 iterum
399 907 521 947 sermone
530 891 554 946 si
565 891 637 947 entia
647 891 735 963 rupit:

118 965 170 1020 Jlle
181 964 291 1037 quidem
302 981 401 1036 poenas
411 963 511 1038 (euram
521 966 590 1021 hano
600 963 745 1039 dimittite.)
755 965 848 1034 solvit;

69 1051 108 1094 210
123 1039 196 1111 quod
207 1046 295 1095 temen
304 1037 463 1105 admissum,
483 1040 598 1113 quaesit
610 1039 738 1106 vindicte,
758 1040 867 1097 docebo.

124 1113 275 1186 Contigerat
286 1120 389 1168 nostres
399 1112 508 1170 infamia
519 1115 645 1187 temporis
654 1132 746 1170 auresr

123 1185 441 1260 quamcupiensielsem‚
462 1205 570 1244 summo
578 1188 686 1246 delabor
694 1189 820 1264 Olympo,

123 1270 149 1316 ct
157 1260 223 1316 deus
232 1260 352 1318 humana
362 1260 446 1318 lustro
454 1262 506 1318 sub
516 1262 634 1336 imagine
643 1270 734 1320 terres.

122 1336 215 1412 Longa
227 1354 301 1395 mora
310 1347 364 1405 est,
385 1344 517 1411 quantum
532 1355 616 1394 noxae
625 1339 660 1394 sit
669 1339 771 1411 ubique
780 1355 869 1410 reper-

602 1420 671 1480 tum,

69 1498 108 1540 215
122 1504 291 1545 enumerare:
312 1489 402 1546 minor
413 1487 529 1560 fuitipse
539 1487 650 1545 infamia
660 1505 730 1545 vero·

122 1560 241 1616 Maenala
250 1564 417 1626 transieram,
438 1561 545 1617 latebris
557 1562 688 1619 horrenda
699 1560 824 1625 ferarum,

123 1641 219 1686 etcum
229 1632 431 1759 Cyllenoeyelidi
441 1635 530 1703 pineta
539 1636 645 1708 Lycaei.

122 1705 238 1760 Arcados
247 1705 334 1760 hines

124 1778 268 1852 ingredior,
283 1778 416 1834 traherent
425 1796 511 1851 quum
519 1796 577 1834 scre
587 1775 743 1849 crepuscula
754 1785 863 1833 noctem¹

70 1865 108 1908 220
123 1852 494 1927 Signadedivenissedeum3
516 1852 670 1928 vulgusque
679 1852 780 1925 precari

123 1934 251 2000 coeperet.
282 1926 376 1983 Irridet
384 1928 473 1999 primo
481 1927 525 1998 pia
537 1935 595 1983 vota
614 1929 735 2003 Lycaon:

123 2002 241 2068 moxait
260 2002 399 2075 Experiar,
420 2002 551 2067 deuehic‚
571 2002 726 2059 discrimine
736 2011 834 2075 aperto.

122 2093 156 2131 an
167 2077 202 2130 sit
211 2076 345 2132 mortalis:
366 2094 416 2132 nec
425 2077 474 2131 erit
483 2076 630 2133 dubitabile
639 2096 744 2134 verum.

122 2151 203 2205 Nocte
210 2167 320 2222 gravem
327 2169 422 2207 somno
432 2169 481 2206 nec
489 2151 568 2222 opina
576 2152 686 2224 perdere
698 2159 782 2207 morte

67 2235 107 2280 225
122 2241 166 2280 me
177 2230 261 2296 parat.
294 2226 363 2280 Haec
371 2224 411 2279 illi
424 2225 509 2296 placet
518 2226 679 2299 experientia
689 2226 755 2280 veri.

122 2300 177 2353 Nec
185 2304 325 2354 contentus
334 2316 374 2365 eo,
395 2300 472 2354 missi
482 2301 515 2356 de
524 2310 602 2374 gente
610 2300 725 2357 Molossa

121 2372 223 2428 obsidis
233 2372 315 2429 unius
325 2373 450 2448 iugulum
461 2393 587 2432 mucrone
596 2374 717 2431 resolvit:

122 2455 201 2520 atque
211 2448 247 2503 ite
257 2449 401 2504 semineces
412 2451 509 2521 partim
518 2449 683 2507 serventibus
693 2454 766 2502 artus

121 2521 208 2578 mollit
216 2524 304 2595 equis.
324 2525 423 2596 partim
433 2526 552 2582 subiecto
563 2525 658 2582 torruit
669 2523 735 2595 igni.

69 2608 107 2651 230
120 2595 193 2664 Quos
203 2597 284 2653 simul
295 2598 424 2672 imposuit
432 2600 548 2670 mensis3
569 2617 619 2674 ego
628 2597 733 2654 vindice
742 2596 850 2653 flemma

123 2673 150 2726 in
162 2671 272 2730 domino
281 2673 378 2748 dignos
387 2675 469 2732 everti
480 2682 543 2731 tecta
553 2677 673 2730 Penates.

105 2743 232 2799 hortus
245 2748 295 2804 iile
308 2749 400 2826 fugin
420 2756 571 2828 nactusque
580 2749 686 2808 silentia
694 2748 767 2805 ruris

368 1723 396 1759 es
405 1713 431 1760 et
440 1706 573 1777 inhospita
583 1713 648 1760 tecte
659 1705 766 1776 tyranni
