1874 2940
131 121 163 173 48
303 128 334 175 P.
359 126 486 172 ovlnrr
503 127 672 172 NASONIS

130 226 224 282 Divitis
234 225 278 279 lric
288 224 371 279 saltus
381 225 547 294 herbosaque
556 240 654 293 pascua
665 223 747 290 Nelei,

76 312 114 354 tto
130 300 315 371 nobiliumque
323 317 417 373 greges
426 307 515 352 custos
526 298 648 352 servabat
657 316 797 370 equarum.

130 376 206 428 Hunc
215 374 319 439 timuit,
341 372 491 443 blandaque
504 389 585 426 manu
598 373 712 438 seduxit,
733 380 758 428 et
768 373 816 439 illi,

130 448 260 519 Quisquis
270 466 308 511 es,
330 447 436 516 hospes,
457 448 502 511 ait,
522 447 544 500 si
556 446 620 501 forte
632 455 748 502 erinenta
759 451 877 521 requiret

130 522 194 575 hacc
203 521 312 593 aliquis,
332 520 432 574 vidisse
442 539 521 594 nega:
544 538 596 576 neu
609 523 692 594 gratia
706 523 773 577 lacto

131 595 204 650 nulla
215 597 386 667 rependatur,
409 596 520 650 nitidam
532 613 596 666 cape
606 596 722 666 praemia
732 614 849 652 vaccam.

77 681 115 723 ott
129 670 163 723 Et
172 670 253 724 dedit.
283 670 394 739 Accepta
405 688 482 724 voces
493 670 541 724 has
552 670 665 724 reddidit
675 671 785 742 hospes:

130 744 215 798 Tutus
225 761 282 812 ees3
304 743 371 814 lapis
383 745 430 798 iste
443 744 518 814 prius
529 753 573 798 tue
584 743 653 799 liuta
669 743 804 817 loquetur:

130 826 156 872 ct
166 817 280 889 lapidem
290 819 413 873 ostendit.
443 818 558 872 Simulat
568 820 627 872 love
637 827 716 874 natus
726 820 808 874 abire.

130 893 191 947 llox
202 892 281 947 redit:
302 902 336 958 et,
356 910 432 947 verse
442 893 610 962 paritercunr
621 893 789 968 vocefigura,

131 966 246 1031 Rustico,
268 967 358 1020 vidisti
370 967 391 1020 si
403 985 471 1038 quas
482 968 530 1022 hoc
540 966 632 1031 limite,
655 968 732 1034 dixit,

76 1051 115 1094 too
131 1041 271 1110 ireboves3
293 1040 427 1111 steropen,
448 1040 779 1112 iurtoquesilentiademe.

131 1117 222 1171 iuncta
233 1135 282 1172 suo
290 1118 406 1189 pretium
417 1117 524 1171 dabitur
534 1117 580 1171 tibi
593 1115 690 1172 lemine
702 1125 786 1173 tauro.

130 1191 164 1246 tt
173 1193 270 1256 senior,
290 1201 431 1265 postquam
442 1200 481 1246 est
491 1208 590 1246 merces
600 1193 742 1265 geminata,
754 1192 810 1246 Sub
821 1192 875 1247 illis

130 1268 275 1332 montibus,
284 1269 478 1341 inquiterunt:
492 1267 656 1322 eterantsub
667 1266 874 1322 montibusiliis.

130 1342 198 1395 Risit
208 1343 383 1398 Atlantiades:
405 1353 440 1407 et,
451 1345 492 1398 Me
503 1343 580 1406 milii,
592 1341 700 1413 perfido,
715 1340 825 1412 prodis‘l

77 1426 115 1467 tot
130 1433 173 1469 me
183 1417 250 1469 mihi
261 1416 371 1486 prodis?
389 1421 440 1472 ait:
462 1419 621 1488 periuraque
631 1425 735 1486 pectora
744 1418 822 1471 vertit

129 1488 391 1554 indurumsilicem3
412 1491 459 1559 qui
472 1489 873 1561 nuncquoquediciturlndex:

131 1561 212 1631 inque
224 1561 291 1614 nihil
302 1563 396 1616 merito
406 1572 481 1616 vetus
491 1571 530 1616 est
541 1563 648 1616 infamia
662 1579 736 1616 sexo.

169 1635 236 1689 Hinc
245 1652 274 1688 se
286 1635 430 1689 sustulerat
439 1637 549 1705 paribus
559 1633 698 1691 Caducifer
708 1634 772 1687 alis:

130 1709 344 1782 Munychiosque
354 1709 446 1765 volans
457 1726 543 1782 egros,
563 1715 720 1782 gratamque
730 1707 863 1763 Minervae

78 1793 116 1836 71⁰
131 1783 431 1854 despiciebathumum‚
452 1784 570 1855 cultique
580 1782 688 1837 arbusta
698 1782 788 1857 Lycei.

131 1856 177 1911 Illa
188 1857 253 1913 lorte
264 1858 307 1913 die
318 1867 404 1914 castae
413 1859 446 1913 de
456 1876 528 1913 more
538 1857 641 1929 puellae

130 1933 227 1986 vertice
237 1934 376 2004 supposito
386 1933 463 1988 festas
474 1935 501 1988 in
513 1932 626 1987 Palladis
636 1948 708 1986 eroes

130 2023 197 2077 pura
207 2009 336 2061 coronatis
347 2009 485 2079 portabant
495 2025 568 2062 sacra
577 2006 709 2060 canistris.

130 2081 195 2135 lnde
206 2091 363 2137 revertentes
372 2083 438 2137 deus
448 2083 561 2154 adspicit
573 2081 641 2135 ales:
662 2081 765 2153 iterque

77 2167 116 2209 715
132 2173 184 2210 nou
195 2157 250 2228 egit
260 2156 286 2210 in
298 2166 409 2222 rectum,
430 2158 476 2211 sed
490 2159 515 2210 in
526 2156 617 2211 orbem
627 2163 720 2210 curvat
731 2155 855 2210 eundem.

131 2230 165 2284 Ut
175 2230 290 2285 volucris
302 2232 368 2286 visis
379 2233 545 2302 rapidissima
557 2230 661 2285 miluus
672 2229 750 2295 extis,

132 2304 197 2374 dum
208 2305 290 2371 timet,
311 2315 337 2360 et
346 2307 421 2360 densi
432 2308 604 2360 circumstant
614 2322 688 2359 sacra
700 2305 825 2370 ministri,

131 2377 244 2434 flectitur
254 2381 280 2434 in
291 2398 405 2454 gyrum3
428 2397 475 2434 nec
487 2380 591 2453 longius
600 2379 680 2433 audet
689 2380 775 2434 abiro:

131 2471 261 2527 spemque
271 2474 348 2509 suam
360 2456 437 2510 motis
448 2455 544 2509 avidus
554 2453 728 2509 circumvolat
741 2453 807 2509 elis:

69 2537 113 2578 720
120 2529 169 2607 sic
175 2547 260 2599 super
269 2530 376 2585 Actaeas
387 2529 463 2604 agilis
475 2529 611 2603 Cyllenius
621 2545 694 2584 eroes

109 2600 351 2675 reclinateursus,
374 2617 402 2664 et
411 2606 518 2664 easdem
528 2605 638 2662 circinat
646 2619 736 2659 aures.
