<?xml version="1.0" encoding="UTF-8"?>
<!DOCTYPE html PUBLIC "-//W3C//DTD XHTML 1.0 Transitional//EN"
    "http://www.w3.org/TR/xhtml1/DTD/xhtml1-transitional.dtd">
<html xmlns="http://www.w3.org/1999/xhtml" xml:lang="en" lang="en">
 <head>
  <title>
</title>
<meta http-equiv="Content-Type" content="text/html;charset=utf-8" />
  <meta name='ocr-system' content='tesseract 3.04.00' />
  <meta name='ocr-capabilities' content='ocr_page ocr_carea ocr_par ocr_line ocrx_word'/>
</head>
<body>
  <div class='ocr_page' id='page_1' title='image "./povidiinasoniso01ovidgoog_0195.png"; bbox 0 0 1874 2940; ppageno 0'>
   <div class='ocr_carea' id='block_1_1' title="bbox 122 117 672 182">
    <p class='ocr_par' dir='ltr' id='par_1_1' title="bbox 122 117 672 182">
     <span class='ocr_line' id='line_1_1' title="bbox 122 117 672 182; baseline 0.015 -12"><span class='ocrx_word' id='word_1_1' title='bbox 122 117 171 172; x_wconf 71' lang='grc'>492</span> <span class='ocrx_word' id='word_1_2' title='bbox 310 125 340 173; x_wconf 79' lang='lat' dir='ltr'>P.</span> <span class='ocrx_word' id='word_1_3' title='bbox 361 128 493 182; x_wconf 80' lang='lat' dir='ltr'>ovum</span> <span class='ocrx_word' id='word_1_4' title='bbox 509 131 672 182; x_wconf 70' lang='lat' dir='ltr'>nasonia</span> 
     </span>
    </p>
   </div>
   <div class='ocr_carea' id='block_1_2' title="bbox 69 223 873 679">
    <p class='ocr_par' dir='ltr' id='par_1_2' title="bbox 122 223 873 528">
     <span class='ocr_line' id='line_1_2' title="bbox 122 223 873 363; baseline 0 -72"><span class='ocrx_word' id='word_1_5' title='bbox 122 223 198 291; x_wconf 77' lang='lat' dir='ltr'>Quod</span> <span class='ocrx_word' id='word_1_6' title='bbox 217 232 289 296; x_wconf 86' lang='lat' dir='ltr'>pater</span> <span class='ocrx_word' id='word_1_7' title='bbox 308 228 488 306; x_wconf 83' lang='lat' dir='ltr'>Hippodamas</span> <span class='ocrx_word' id='word_1_8' title='bbox 506 250 582 305; x_wconf 80' lang='lat' dir='ltr'>aegre</span> <span class='ocrx_word' id='word_1_9' title='bbox 601 234 675 363; x_wconf 49' lang='lat' dir='ltr'>ium:</span> <span class='ocrx_word' id='word_1_10' title='bbox 705 234 790 306; x_wconf 90' lang='lat' dir='ltr'>inque</span> <span class='ocrx_word' id='word_1_11' title='bbox 808 253 873 308; x_wconf 89' lang='lat' dir='ltr'>pro-</span> 
     </span>
     <span class='ocr_line' id='line_1_3' title="bbox 122 310 738 455; baseline 0.013 -22"><span class='ocrx_word' id='word_1_12' title='bbox 122 376 241 450; x_wconf 88' lang='lat' dir='ltr'>propulit</span> <span class='ocrx_word' id='word_1_13' title='bbox 249 396 265 435; x_wconf 89' lang='lat' dir='ltr'>e</span> <span class='ocrx_word' id='word_1_14' title='bbox 275 381 383 455; x_wconf 88' lang='lat' dir='ltr'>soopulo</span> <span class='ocrx_word' id='word_1_15' title='bbox 391 381 523 454; x_wconf 74' lang='lat' dir='ltr'>pariturae</span> <span class='ocrx_word' id='word_1_16' title='bbox 531 310 738 451; x_wconf 44' lang='lat' dir='ltr'>eorpoilanffie.</span> 
     </span>
     <span class='ocr_line' id='line_1_4' title="bbox 123 451 797 528; baseline 0.012 -21"><span class='ocrx_word' id='word_1_17' title='bbox 123 451 238 528; x_wconf 78' lang='lat' dir='ltr'>Excepi,</span> <span class='ocrx_word' id='word_1_18' title='bbox 260 465 420 527; x_wconf 85' lang='lat' dir='ltr'>nantemque</span> <span class='ocrx_word' id='word_1_19' title='bbox 428 452 523 515; x_wconf 83' lang='lat' dir='ltr'>ferens,</span> <span class='ocrx_word' id='word_1_20' title='bbox 544 451 567 507; x_wconf 91' lang='lat'>0</span> <span class='ocrx_word' id='word_1_21' title='bbox 577 458 701 523; x_wconf 87' lang='lat' dir='ltr'>proxima</span> <span class='ocrx_word' id='word_1_22' title='bbox 711 467 797 515; x_wconf 86' lang='lat' dir='ltr'>terrae</span> 
     </span>
    </p>

    <p class='ocr_par' dir='ltr' id='par_1_3' title="bbox 69 525 833 679">
     <span class='ocr_line' id='line_1_5' title="bbox 69 525 833 610; baseline 0.013 -29"><span class='ocrx_word' id='word_1_23' title='bbox 69 536 109 582; x_wconf 72' lang='lat'>5⁹5</span> <span class='ocrx_word' id='word_1_24' title='bbox 124 546 207 604; x_wconf 78' lang='lat' dir='ltr'>regna</span> <span class='ocrx_word' id='word_1_25' title='bbox 217 548 308 606; x_wconf 80' lang='lat' dir='ltr'>vagae,</span> <span class='ocrx_word' id='word_1_26' title='bbox 327 529 397 592; x_wconf 81' lang='lat' dir='ltr'>dixi,</span> <span class='ocrx_word' id='word_1_27' title='bbox 418 525 516 588; x_wconf 67' lang='lat' dir='ltr'>sortite,</span> <span class='ocrx_word' id='word_1_28' title='bbox 534 526 710 610; x_wconf 29' lang='lat' dir='ltr'>&#39;Trideurrtisen</span> <span class='ocrx_word' id='word_1_29' title='bbox 733 535 833 601; x_wconf 89' lang='lat' dir='ltr'>undae,</span> 
     </span>
     <span class='ocr_line' id='line_1_6' title="bbox 125 603 800 679; baseline -0.007 -17"><span class='ocrx_word' id='word_1_30' title='bbox 125 605 154 660; x_wconf 90' lang='lat' dir='ltr'>in</span> <span class='ocrx_word' id='word_1_31' title='bbox 165 624 220 679; x_wconf 91' lang='lat' dir='ltr'>quo</span> <span class='ocrx_word' id='word_1_32' title='bbox 229 603 390 667; x_wconf 79' lang='lat' dir='ltr'><strong>desinimus,</strong></span> <span class='ocrx_word' id='word_1_33' title='bbox 448 613 539 653; x_wconf 87' lang='lat' dir='ltr'>osacrr</span> <span class='ocrx_word' id='word_1_34' title='bbox 550 614 684 650; x_wconf 61' lang='lat' dir='ltr'>cupimus</span> <span class='ocrx_word' id='word_1_35' title='bbox 695 617 800 670; x_wconf 80' lang='lat' dir='ltr'>amnes,</span> 
     </span>
    </p>
   </div>
   <div class='ocr_carea' id='block_1_3' title="bbox 127 669 914 815">
    <p class='ocr_par' dir='ltr' id='par_1_4' title="bbox 127 669 914 815">
     <span class='ocr_line' id='line_1_7' title="bbox 127 669 914 815; baseline -0.046 -77"><span class='ocrx_word' id='word_1_36' title='bbox 127 677 270 753; x_wconf 85' lang='lat' dir='ltr'>[huoadas,</span> <span class='ocrx_word' id='word_1_37' title='bbox 289 684 410 746; x_wconf 83' lang='lat' dir='ltr'>atqueau</span> <span class='ocrx_word' id='word_1_38' title='bbox 430 669 582 742; x_wconf 85' lang='lat' dir='ltr'>iplacidus,</span> <span class='ocrx_word' id='word_1_39' title='bbox 600 670 736 815; x_wconf 46' lang='lat' dir='ltr'>2?an</span> <span class='ocrx_word' id='word_1_40' title='bbox 753 689 874 739; x_wconf 46' lang='lat' dir='ltr'>premn-</span> <span class='ocrx_word' id='word_1_41' title='bbox 912 692 914 701; x_wconf 70' lang='grc'>,</span> 
     </span>
    </p>
   </div>
   <div class='ocr_carea' id='block_1_4' title="bbox 67 813 873 2698">
    <p class='ocr_par' dir='ltr' id='par_1_5' title="bbox 70 813 871 1943">
     <span class='ocr_line' id='line_1_8' title="bbox 124 813 868 896; baseline -0.001 -19"><span class='ocrx_word' id='word_1_42' title='bbox 124 824 188 878; x_wconf 85' lang='lat' dir='ltr'>buia</span> <span class='ocrx_word' id='word_1_43' title='bbox 201 840 258 896; x_wconf 81' lang='lat' dir='ltr'>ego,</span> <span class='ocrx_word' id='word_1_44' title='bbox 275 835 357 893; x_wconf 89' lang='lat' dir='ltr'>quam</span> <span class='ocrx_word' id='word_1_45' title='bbox 366 826 450 890; x_wconf 90' lang='lat' dir='ltr'>porto,</span> <span class='ocrx_word' id='word_1_46' title='bbox 467 817 555 872; x_wconf 80' lang='lat' dir='ltr'>nocui.</span> <span class='ocrx_word' id='word_1_47' title='bbox 581 813 609 870; x_wconf 89' lang='lat' dir='ltr'>Si</span> <span class='ocrx_word' id='word_1_48' title='bbox 619 816 702 882; x_wconf 91' lang='lat' dir='ltr'>mitis,</span> <span class='ocrx_word' id='word_1_49' title='bbox 716 825 868 891; x_wconf 84' lang='lat' dir='ltr'>etaequus‚</span> 
     </span>
     <span class='ocr_line' id='line_1_9' title="bbox 124 891 836 967; baseline 0.001 -18"><span class='ocrx_word' id='word_1_50' title='bbox 124 896 148 949; x_wconf 89' lang='lat' dir='ltr'>si</span> <span class='ocrx_word' id='word_1_51' title='bbox 158 903 232 967; x_wconf 88' lang='lat' dir='ltr'>pater</span> <span class='ocrx_word' id='word_1_52' title='bbox 240 892 432 966; x_wconf 86' lang='lat' dir='ltr'>Hippodamas,</span> <span class='ocrx_word' id='word_1_53' title='bbox 452 898 498 947; x_wconf 91' lang='lat' dir='ltr'>aut</span> <span class='ocrx_word' id='word_1_54' title='bbox 507 891 531 945; x_wconf 89' lang='lat' dir='ltr'>si</span> <span class='ocrx_word' id='word_1_55' title='bbox 541 892 633 948; x_wconf 90' lang='lat' dir='ltr'>minus</span> <span class='ocrx_word' id='word_1_56' title='bbox 643 893 743 966; x_wconf 89' lang='lat' dir='ltr'>impius</span> <span class='ocrx_word' id='word_1_57' title='bbox 751 902 836 965; x_wconf 71' lang='lat' dir='ltr'>esset,</span> 
     </span>
     <span class='ocr_line' id='line_1_10' title="bbox 70 966 701 1042; baseline 0.01 -22"><span class='ocrx_word' id='word_1_58' title='bbox 70 978 109 1021; x_wconf 83' lang='lat' dir='ltr'>tto</span> <span class='ocrx_word' id='word_1_59' title='bbox 123 968 216 1023; x_wconf 80' lang='lat' dir='ltr'><strong>debuit</strong></span> <span class='ocrx_word' id='word_1_60' title='bbox 224 967 299 1024; x_wconf 88' lang='lat' dir='ltr'>iilius</span> <span class='ocrx_word' id='word_1_61' title='bbox 310 966 443 1031; x_wconf 88' lang='lat' dir='ltr'>misereri,</span> <span class='ocrx_word' id='word_1_62' title='bbox 464 967 601 1042; x_wconf 77' lang='lat' dir='ltr'><strong>ignoscere</strong></span> <span class='ocrx_word' id='word_1_63' title='bbox 614 970 701 1027; x_wconf 90' lang='lat' dir='ltr'>nobis.</span> 
     </span>
     <span class='ocr_line' id='line_1_11' title="bbox 123 1040 853 1119; baseline 0.008 -21"><span class='ocrx_word' id='word_1_64' title='bbox 123 1040 294 1117; x_wconf 77' lang='lat' dir='ltr'>Afferopem3</span> <span class='ocrx_word' id='word_1_65' title='bbox 315 1057 484 1115; x_wconf 79' lang='lat' dir='ltr'>mersaeque,</span> <span class='ocrx_word' id='word_1_66' title='bbox 503 1060 610 1117; x_wconf 82' lang='lat' dir='ltr'>precor,</span> <span class='ocrx_word' id='word_1_67' title='bbox 631 1046 730 1103; x_wconf 84' lang='lat' dir='ltr'>feritate</span> <span class='ocrx_word' id='word_1_68' title='bbox 741 1053 853 1119; x_wconf 86' lang='lat' dir='ltr'>paterna</span> 
     </span>
     <span class='ocr_line' id='line_1_12' title="bbox 124 1115 850 1196; baseline 0.01 -24"><span class='ocrx_word' id='word_1_69' title='bbox 124 1116 172 1184; x_wconf 88' lang='lat' dir='ltr'>da,</span> <span class='ocrx_word' id='word_1_70' title='bbox 192 1118 325 1191; x_wconf 85' lang='lat' dir='ltr'>Neptune,</span> <span class='ocrx_word' id='word_1_71' title='bbox 349 1115 451 1175; x_wconf 80' lang='lat' dir='ltr'>locum:</span> <span class='ocrx_word' id='word_1_72' title='bbox 472 1119 515 1177; x_wconf 88' lang='lat' dir='ltr'>vel</span> <span class='ocrx_word' id='word_1_73' title='bbox 525 1120 561 1178; x_wconf 91' lang='lat' dir='ltr'>sit</span> <span class='ocrx_word' id='word_1_74' title='bbox 569 1121 643 1180; x_wconf 90' lang='lat' dir='ltr'>loous</span> <span class='ocrx_word' id='word_1_75' title='bbox 654 1124 726 1196; x_wconf 89' lang='lat' dir='ltr'>ipsa,</span> <span class='ocrx_word' id='word_1_76' title='bbox 746 1122 850 1179; x_wconf 79' lang='lat' dir='ltr'>licebit:</span> 
     </span>
     <span class='ocr_line' id='line_1_13' title="bbox 124 1191 871 1273; baseline 0.009 -25"><span class='ocrx_word' id='word_1_77' title='bbox 124 1191 200 1251; x_wconf 83' lang='lat' dir='ltr'>buno</span> <span class='ocrx_word' id='word_1_78' title='bbox 216 1208 324 1268; x_wconf 87' lang='lat' dir='ltr'>quoque</span> <span class='ocrx_word' id='word_1_79' title='bbox 340 1193 509 1267; x_wconf 86' lang='lat' dir='ltr'>complectar.</span> <span class='ocrx_word' id='word_1_80' title='bbox 537 1199 621 1257; x_wconf 81' lang='lat' dir='ltr'>Movit</span> <span class='ocrx_word' id='word_1_81' title='bbox 633 1206 713 1273; x_wconf 88' lang='lat' dir='ltr'>caput</span> <span class='ocrx_word' id='word_1_82' title='bbox 722 1215 871 1270; x_wconf 87' lang='lat' dir='ltr'>aequoreus</span> 
     </span>
     <span class='ocr_line' id='line_1_14' title="bbox 602 1294 663 1332; baseline 0 -1"><span class='ocrx_word' id='word_1_83' title='bbox 602 1294 663 1332; x_wconf 85' lang='lat' dir='ltr'>rex:</span> 
     </span>
     <span class='ocr_line' id='line_1_15' title="bbox 126 1345 752 1417; baseline 0.005 -17"><span class='ocrx_word' id='word_1_84' title='bbox 126 1345 312 1417; x_wconf 82' lang='lat' dir='ltr'>eoneussitqua</span> <span class='ocrx_word' id='word_1_85' title='bbox 321 1347 379 1402; x_wconf 92' lang='lat' dir='ltr'>suis</span> <span class='ocrx_word' id='word_1_86' title='bbox 388 1366 481 1408; x_wconf 88' lang='lat' dir='ltr'>omnes</span> <span class='ocrx_word' id='word_1_87' title='bbox 490 1352 647 1408; x_wconf 86' lang='lat' dir='ltr'>assensibus</span> <span class='ocrx_word' id='word_1_88' title='bbox 656 1351 752 1407; x_wconf 87' lang='lat' dir='ltr'>undas.</span> 
     </span>
     <span class='ocr_line' id='line_1_16' title="bbox 71 1418 828 1497; baseline 0.008 -25"><span class='ocrx_word' id='word_1_89' title='bbox 71 1427 111 1472; x_wconf 73' lang='lat' dir='ltr'>tos</span> <span class='ocrx_word' id='word_1_90' title='bbox 125 1418 257 1476; x_wconf 84' lang='lat' dir='ltr'>Extimuit</span> <span class='ocrx_word' id='word_1_91' title='bbox 265 1418 405 1494; x_wconf 75' lang='lat' dir='ltr'>Nympho:</span> <span class='ocrx_word' id='word_1_92' title='bbox 426 1427 507 1483; x_wconf 87' lang='lat' dir='ltr'>nabat</span> <span class='ocrx_word' id='word_1_93' title='bbox 516 1435 615 1483; x_wconf 76' lang='lat' dir='ltr'>tamen</span> <span class='ocrx_word' id='word_1_94' title='bbox 644 1428 704 1497; x_wconf 85' lang='lat' dir='ltr'>lpse</span> <span class='ocrx_word' id='word_1_95' title='bbox 713 1424 828 1480; x_wconf 87' lang='lat' dir='ltr'>natantis</span> 
     </span>
     <span class='ocr_line' id='line_1_17' title="bbox 124 1496 725 1574; baseline 0.003 -24"><span class='ocrx_word' id='word_1_96' title='bbox 124 1502 229 1564; x_wconf 78' lang='lat' dir='ltr'>pectora</span> <span class='ocrx_word' id='word_1_97' title='bbox 238 1496 380 1571; x_wconf 79' lang='lat' dir='ltr'>tangebam</span> <span class='ocrx_word' id='word_1_98' title='bbox 394 1502 497 1574; x_wconf 86' lang='lat' dir='ltr'>trepido</span> <span class='ocrx_word' id='word_1_99' title='bbox 506 1500 627 1557; x_wconf 82' lang='lat' dir='ltr'>salientia</span> <span class='ocrx_word' id='word_1_100' title='bbox 637 1508 725 1555; x_wconf 92' lang='lat' dir='ltr'>motu:</span> 
     </span>
     <span class='ocr_line' id='line_1_18' title="bbox 124 1566 772 1643; baseline 0.002 -21"><span class='ocrx_word' id='word_1_101' title='bbox 124 1566 437 1643; x_wconf 86' lang='lat' dir='ltr'>dumqueeacontreoto,</span> <span class='ocrx_word' id='word_1_102' title='bbox 456 1583 542 1632; x_wconf 89' lang='lat' dir='ltr'>totum</span> <span class='ocrx_word' id='word_1_103' title='bbox 552 1575 691 1629; x_wconf 86' lang='lat' dir='ltr'>durescere</span> <span class='ocrx_word' id='word_1_104' title='bbox 700 1571 772 1625; x_wconf 82' lang='lat' dir='ltr'>sensi</span> 
     </span>
     <span class='ocr_line' id='line_1_19' title="bbox 125 1647 739 1721; baseline -0.003 -24"><span class='ocrx_word' id='word_1_105' title='bbox 125 1660 238 1717; x_wconf 89' lang='lat' dir='ltr'>eorpus;</span> <span class='ocrx_word' id='word_1_106' title='bbox 259 1647 401 1706; x_wconf 85' lang='lat' dir='ltr'>etinducta</span> <span class='ocrx_word' id='word_1_107' title='bbox 409 1648 487 1705; x_wconf 90' lang='lat' dir='ltr'>oondi</span> <span class='ocrx_word' id='word_1_108' title='bbox 496 1647 649 1721; x_wconf 84' lang='lat' dir='ltr'>praeoeniia</span> <span class='ocrx_word' id='word_1_109' title='bbox 661 1653 739 1698; x_wconf 84' lang='lat' dir='ltr'>terra.</span> 
     </span>
     <span class='ocr_line' id='line_1_20' title="bbox 127 1715 871 1796; baseline 0.001 -19"><span class='ocrx_word' id='word_1_110' title='bbox 127 1715 208 1792; x_wconf 84' lang='lat' dir='ltr'>[Dum</span> <span class='ocrx_word' id='word_1_111' title='bbox 227 1720 336 1795; x_wconf 85' lang='lat' dir='ltr'>loquor;</span> <span class='ocrx_word' id='word_1_112' title='bbox 356 1723 479 1796; x_wconf 84' lang='lat' dir='ltr'>amplexa</span> <span class='ocrx_word' id='word_1_113' title='bbox 497 1731 538 1778; x_wconf 88' lang='lat' dir='ltr'>est</span> <span class='ocrx_word' id='word_1_114' title='bbox 556 1728 629 1778; x_wconf 88' lang='lat' dir='ltr'>artus</span> <span class='ocrx_word' id='word_1_115' title='bbox 648 1734 717 1774; x_wconf 87' lang='lat' dir='ltr'>nova</span> <span class='ocrx_word' id='word_1_116' title='bbox 736 1724 805 1774; x_wconf 86' lang='lat' dir='ltr'>tarra</span> <span class='ocrx_word' id='word_1_117' title='bbox 825 1740 871 1778; x_wconf 88' lang='lat' dir='ltr'>na·</span> 
     </span>
     <span class='ocr_line' id='line_1_21' title="bbox 605 1800 702 1858; baseline -0.021 -8"><span class='ocrx_word' id='word_1_118' title='bbox 605 1800 702 1858; x_wconf 78' lang='lat' dir='ltr'>tantas,</span> 
     </span>
     <span class='ocr_line' id='line_1_22' title="bbox 73 1865 748 1943; baseline 0.001 -22"><span class='ocrx_word' id='word_1_119' title='bbox 73 1878 112 1922; x_wconf 80' lang='lat' dir='ltr'>tto</span> <span class='ocrx_word' id='word_1_120' title='bbox 126 1876 152 1922; x_wconf 89' lang='lat' dir='ltr'>at</span> <span class='ocrx_word' id='word_1_121' title='bbox 160 1872 251 1942; x_wconf 82' lang='lat' dir='ltr'>gravis</span> <span class='ocrx_word' id='word_1_122' title='bbox 260 1874 372 1930; x_wconf 83' lang='lat' dir='ltr'>increvit</span> <span class='ocrx_word' id='word_1_123' title='bbox 381 1875 490 1930; x_wconf 86' lang='lat' dir='ltr'>mutatis</span> <span class='ocrx_word' id='word_1_124' title='bbox 500 1869 589 1927; x_wconf 88' lang='lat' dir='ltr'>insula</span> <span class='ocrx_word' id='word_1_125' title='bbox 598 1865 748 1943; x_wconf 79' lang='lat' dir='ltr'>membris]</span> 
     </span>
    </p>

    <p class='ocr_par' dir='ltr' id='par_1_6' title="bbox 127 1943 848 2171">
     <span class='ocr_line' id='line_1_23' title="bbox 164 1943 848 2005; baseline 0 -7"><span class='ocrx_word' id='word_1_126' title='bbox 164 1944 261 2003; x_wconf 83' lang='lat' dir='ltr'>Amnis</span> <span class='ocrx_word' id='word_1_127' title='bbox 271 1950 306 2005; x_wconf 90' lang='lat' dir='ltr'>ab</span> <span class='ocrx_word' id='word_1_128' title='bbox 314 1949 457 2005; x_wconf 84' lang='lat' dir='ltr'>bistacuit.</span> <span class='ocrx_word' id='word_1_129' title='bbox 488 1949 597 2003; x_wconf 83' lang='lat' dir='ltr'>Factum</span> <span class='ocrx_word' id='word_1_130' title='bbox 608 1943 731 2000; x_wconf 89' lang='lat' dir='ltr'>mirabile</span> <span class='ocrx_word' id='word_1_131' title='bbox 741 1953 848 2000; x_wconf 82' lang='lat' dir='ltr'>cunctos</span> 
     </span>
     <span class='ocr_line' id='line_1_24' title="bbox 127 2020 756 2096; baseline 0.005 -24"><span class='ocrx_word' id='word_1_132' title='bbox 127 2029 256 2078; x_wconf 87' lang='lat' dir='ltr'>moverat.</span> <span class='ocrx_word' id='word_1_133' title='bbox 284 2024 533 2096; x_wconf 81' lang='lat' dir='ltr'>Irridetoredentes,</span> <span class='ocrx_word' id='word_1_134' title='bbox 552 2027 636 2093; x_wconf 86' lang='lat' dir='ltr'>utque</span> <span class='ocrx_word' id='word_1_135' title='bbox 645 2020 756 2076; x_wconf 86' lang='lat' dir='ltr'>deorum</span> 
     </span>
     <span class='ocr_line' id='line_1_25' title="bbox 128 2094 764 2171; baseline 0.006 -25"><span class='ocrx_word' id='word_1_136' title='bbox 128 2102 230 2164; x_wconf 79' lang='lat' dir='ltr'>spretor</span> <span class='ocrx_word' id='word_1_137' title='bbox 239 2105 295 2153; x_wconf 88' lang='lat' dir='ltr'>erat</span> <span class='ocrx_word' id='word_1_138' title='bbox 306 2100 458 2171; x_wconf 89' lang='lat' dir='ltr'>mentisque</span> <span class='ocrx_word' id='word_1_139' title='bbox 467 2098 554 2159; x_wconf 83' lang='lat' dir='ltr'>ferox,</span> <span class='ocrx_word' id='word_1_140' title='bbox 574 2094 665 2150; x_wconf 80' lang='lat' dir='ltr'>Ixione</span> <span class='ocrx_word' id='word_1_141' title='bbox 675 2102 764 2151; x_wconf 90' lang='lat' dir='ltr'>natus.</span> 
     </span>
    </p>

    <p class='ocr_par' dir='ltr' id='par_1_7' title="bbox 74 2167 873 2320">
     <span class='ocr_line' id='line_1_26' title="bbox 128 2167 873 2244; baseline 0.004 -23"><span class='ocrx_word' id='word_1_142' title='bbox 128 2167 202 2226; x_wconf 82' lang='lat' dir='ltr'>Ficta</span> <span class='ocrx_word' id='word_1_143' title='bbox 211 2171 302 2239; x_wconf 82' lang='lat' dir='ltr'>refers,</span> <span class='ocrx_word' id='word_1_144' title='bbox 322 2174 492 2244; x_wconf 89' lang='lat' dir='ltr'>nimiumque</span> <span class='ocrx_word' id='word_1_145' title='bbox 500 2178 589 2243; x_wconf 85' lang='lat' dir='ltr'>putas,</span> <span class='ocrx_word' id='word_1_146' title='bbox 611 2170 734 2236; x_wconf 67' lang='lat' dir='ltr'>Acheloe,</span> <span class='ocrx_word' id='word_1_147' title='bbox 754 2176 873 2243; x_wconf 84' lang='lat' dir='ltr'>potentes</span> 
     </span>
     <span class='ocr_line' id='line_1_27' title="bbox 74 2246 804 2320; baseline 0.005 -26"><span class='ocrx_word' id='word_1_148' title='bbox 74 2250 114 2295; x_wconf 73' lang='lat' dir='ltr'>tit</span> <span class='ocrx_word' id='word_1_149' title='bbox 128 2259 187 2300; x_wconf 88' lang='lat' dir='ltr'>esso</span> <span class='ocrx_word' id='word_1_150' title='bbox 198 2246 276 2314; x_wconf 87' lang='lat' dir='ltr'>deos,</span> <span class='ocrx_word' id='word_1_151' title='bbox 299 2249 381 2314; x_wconf 85' lang='lat' dir='ltr'>dixit,</span> <span class='ocrx_word' id='word_1_152' title='bbox 402 2249 426 2302; x_wconf 90' lang='lat' dir='ltr'>si</span> <span class='ocrx_word' id='word_1_153' title='bbox 435 2248 499 2303; x_wconf 90' lang='lat' dir='ltr'>dant</span> <span class='ocrx_word' id='word_1_154' title='bbox 509 2246 684 2319; x_wconf 87' lang='lat' dir='ltr'>adimuntque</span> <span class='ocrx_word' id='word_1_155' title='bbox 693 2249 804 2320; x_wconf 80' lang='lat' dir='ltr'>figuras.</span> 
     </span>
    </p>

    <p class='ocr_par' dir='ltr' id='par_1_8' title="bbox 126 2318 808 2394">
     <span class='ocr_line' id='line_1_28' title="bbox 126 2318 808 2394; baseline -0.001 -20"><span class='ocrx_word' id='word_1_156' title='bbox 126 2318 298 2394; x_wconf 76' lang='lat' dir='ltr'>Obstupuere</span> <span class='ocrx_word' id='word_1_157' title='bbox 309 2340 417 2391; x_wconf 73' lang='lat' dir='ltr'>omnes,</span> <span class='ocrx_word' id='word_1_158' title='bbox 438 2339 488 2377; x_wconf 87' lang='lat' dir='ltr'>nee</span> <span class='ocrx_word' id='word_1_159' title='bbox 497 2321 559 2377; x_wconf 89' lang='lat' dir='ltr'>talia</span> <span class='ocrx_word' id='word_1_160' title='bbox 568 2321 638 2378; x_wconf 84' lang='lat' dir='ltr'>dicta</span> <span class='ocrx_word' id='word_1_161' title='bbox 648 2322 808 2394; x_wconf 86' lang='lat' dir='ltr'>probarunt:</span> 
     </span>
    </p>

    <p class='ocr_par' dir='ltr' id='par_1_9' title="bbox 130 2396 811 2470">
     <span class='ocr_line' id='line_1_29' title="bbox 130 2396 811 2470; baseline -0.001 -22"><span class='ocrx_word' id='word_1_162' title='bbox 130 2403 191 2451; x_wconf 82' lang='lat' dir='ltr'>anta</span> <span class='ocrx_word' id='word_1_163' title='bbox 200 2414 347 2470; x_wconf 86' lang='lat' dir='ltr'>omnesque</span> <span class='ocrx_word' id='word_1_164' title='bbox 355 2396 449 2464; x_wconf 85' lang='lat' dir='ltr'>Lelex,</span> <span class='ocrx_word' id='word_1_165' title='bbox 469 2398 559 2454; x_wconf 91' lang='lat' dir='ltr'>animo</span> <span class='ocrx_word' id='word_1_166' title='bbox 569 2405 690 2453; x_wconf 89' lang='lat' dir='ltr'>maturus</span> <span class='ocrx_word' id='word_1_167' title='bbox 700 2403 726 2451; x_wconf 87' lang='lat' dir='ltr'>et</span> <span class='ocrx_word' id='word_1_168' title='bbox 738 2409 811 2455; x_wconf 87' lang='lat' dir='ltr'>aevo,</span> 
     </span>
    </p>

    <p class='ocr_par' dir='ltr' id='par_1_10' title="bbox 129 2465 799 2546">
     <span class='ocr_line' id='line_1_30' title="bbox 129 2465 799 2546; baseline -0.001 -22"><span class='ocrx_word' id='word_1_169' title='bbox 129 2470 169 2525; x_wconf 85' lang='lat' dir='ltr'>sie</span> <span class='ocrx_word' id='word_1_170' title='bbox 178 2473 228 2528; x_wconf 88' lang='lat' dir='ltr'>ait:</span> <span class='ocrx_word' id='word_1_171' title='bbox 250 2473 382 2528; x_wconf 84' lang='lat' dir='ltr'>Immensa</span> <span class='ocrx_word' id='word_1_172' title='bbox 392 2479 445 2537; x_wconf 90' lang='lat' dir='ltr'>est,</span> <span class='ocrx_word' id='word_1_173' title='bbox 465 2471 600 2546; x_wconf 84' lang='lat' dir='ltr'>finemque</span> <span class='ocrx_word' id='word_1_174' title='bbox 609 2472 726 2544; x_wconf 90' lang='lat' dir='ltr'>potentia</span> <span class='ocrx_word' id='word_1_175' title='bbox 735 2465 799 2524; x_wconf 88' lang='lat' dir='ltr'>coeli</span> 
     </span>
    </p>

    <p class='ocr_par' dir='ltr' id='par_1_11' title="bbox 67 2546 873 2698">
     <span class='ocr_line' id='line_1_31' title="bbox 130 2546 873 2621; baseline -0.003 -22"><span class='ocrx_word' id='word_1_176' title='bbox 130 2546 282 2603; x_wconf 87' lang='lat' dir='ltr'>nonhabet:</span> <span class='ocrx_word' id='word_1_177' title='bbox 294 2546 677 2621; x_wconf 84' lang='lat' dir='ltr'>etquidquidSuperivoiuere,</span> <span class='ocrx_word' id='word_1_178' title='bbox 684 2548 873 2619; x_wconf 85' lang='lat' dir='ltr'>peractumest.</span> 
     </span>
     <span class='ocr_line' id='line_1_32' title="bbox 67 2618 865 2698; baseline 0.001 -27"><span class='ocrx_word' id='word_1_179' title='bbox 67 2627 116 2674; x_wconf 72' lang='lat'>620</span> <span class='ocrx_word' id='word_1_180' title='bbox 127 2618 243 2698; x_wconf 81' lang='lat' dir='ltr'>Ouaque</span> <span class='ocrx_word' id='word_1_181' title='bbox 251 2623 344 2682; x_wconf 87' lang='lat' dir='ltr'>minus</span> <span class='ocrx_word' id='word_1_182' title='bbox 354 2622 475 2694; x_wconf 73' lang='lat' dir='ltr'>dubites,</span> <span class='ocrx_word' id='word_1_183' title='bbox 497 2624 567 2682; x_wconf 90' lang='lat' dir='ltr'>tiliae</span> <span class='ocrx_word' id='word_1_184' title='bbox 576 2622 865 2691; x_wconf 85' lang='lat' dir='ltr'>conterminaqueraus</span> 
     </span>
    </p>
   </div>
   <div class='ocr_carea' id='block_1_5' title="bbox 0 0 950 2940">
    <p class='ocr_par' dir='ltr' id='par_1_12' title="bbox 0 0 950 2940">
     <span class='ocr_line' id='line_1_33' title="bbox 0 0 950 2940; baseline 0 0"><span class='ocrx_word' id='word_1_185' title='bbox 0 0 950 2940; x_wconf 95' lang='lat' dir='ltr'> </span> 
     </span>
    </p>
   </div>
  </div>
 </body>
</html>
