1874 2940
175 123 225 180 236
362 128 393 173 Ρ.
414 126 540 175 ovlnu
557 126 723 173 NASONIS

175 239 233 284 ture
243 227 317 295 ieret,
338 225 467 301 floresque
476 227 540 284 alios
549 227 681 283 Panchaia
692 226 783 294 tellus;

122 317 161 360 313
174 303 240 359 dum
251 303 316 360 ieret
324 311 349 359 et
359 304 505 379 Myrrham.
525 302 602 356 Tanti
612 320 681 359 nova
690 320 744 358 non
753 300 806 356 fuit
817 305 907 363 arbor.

174 381 234 452 Ipse
244 387 322 455 neget
331 381 453 436 nocuisse
461 377 509 431 tibi
519 393 568 431 sua
579 376 629 431 tele
642 377 755 449 Cupido,

174 456 296 531 Myrrha,
317 454 438 525 facesque
449 468 512 506 sues
522 468 537 506 a
549 451 660 506 crimine
672 451 791 508 vindicet
800 453 863 509 isto.

175 530 411 656 StipitetcStygi,
431 525 595 597 tumidisque
604 525 711 581 adflavit
719 526 854 584 Echidnis

176 607 347 662 etribusune
394 618 446 656 ror.
476 599 567 654 Scelus
576 607 616 655 cst
624 601 712 656 odisse
721 609 877 673 parentem:

122 694 160 738 315
174 681 219 737 hic
227 698 301 736 emor
309 684 349 732 est
358 676 417 731 odio
426 676 513 729 maius
523 673 619 730 scelus.
648 676 772 748 Undique
782 675 845 733 lecti

175 755 320 825 tecupiunt
329 766 461 822 procerem
482 757 588 822 totoque
596 749 702 807 Oriente
714 751 844 808 iuventus

175 830 208 884 ed
217 825 325 882 thalami
335 830 466 879 certamen
476 824 558 880 adest.
584 825 864 884 Exomnihusunum

175 903 251 975 elige,
262 899 379 1029 MJrrhe,
390 898 490 967 virum,
501 900 566 958 dum
576 919 609 956 ne
618 902 654 957 sit
662 900 823 957 inomnibus
834 922 920 962 unus.

176 975 223 1031 Illa
233 974 280 1047 qni
300 992 342 1030 em
352 975 440 1041 sentit,
460 974 838 1053 foedoquerepugnetemori:

121 1063 160 1107 320
174 1059 199 1106 et
210 1067 311 1117 secum,
332 1049 390 1119 Quo
399 1058 486 1107 mente
495 1051 581 1108 feror?
599 1049 786 1126 quidmclior‘?
804 1052 908 1127 inquit.

175 1127 216 1194 Di,
236 1143 337 1200 precor,
357 1134 382 1183 et
391 1127 486 1194 Pietas,
506 1135 659 1201 secreteque
668 1128 726 1183 iure
735 1136 891 1199 parentum,

174 1203 224 1260 hoc
233 1202 368 1276 prohibete
378 1202 460 1269 neies,
480 1202 624 1276 scelerique
633 1202 744 1259 resistite
754 1209 841 1273 tantc3

175 1281 198 1334 si
210 1287 296 1335 temen
305 1279 355 1335 hcc
364 1277 450 1334 scelus
459 1286 508 1334 est.
529 1277 660 1336 Sedenim
669 1278 795 1334 damnare
804 1291 921 1354 negetur

175 1356 244 1411 hanc
252 1357 380 1411 Venerem
390 1354 488 1425 pietas:
508 1356 655 1426 coeuntque
665 1352 789 1409 enimelie
801 1355 878 1412 nulio

122 1442 160 1487 325
173 1438 272 1485 caetera
282 1429 389 1484 delicte:
411 1444 459 1483 nec
470 1427 582 1485 hebetur
590 1436 667 1498 turpe
677 1430 803 1482 iuvencae

174 1503 241 1558 ferre
250 1509 351 1574 patrem
361 1512 445 1574 tergo:
466 1502 497 1556 fit
504 1519 573 1574 equo
582 1519 631 1556 sua
641 1500 695 1555 iilia
707 1501 819 1556 coniux:

175 1593 295 1647 quasque
304 1575 410 1640 creavit,
418 1576 468 1629 init
476 1575 590 1647 pecudes
599 1592 689 1647 caper:
701 1575 821 1644 ipseque,
834 1584 918 1640 cuius

175 1650 276 1706 semine
285 1655 408 1720 concepta
418 1656 466 1715 cst,
486 1646 769 1718 exillcconcipiteles.

174 1724 283 1790 Felices,
302 1723 462 1797 quibusiste
475 1721 566 1778 licenti
597 1721 861 1798 Humanamalignns

121 1812 160 1856 333
174 1817 237 1855 cure
247 1798 319 1854 dedit
327 1797 411 1872 leges:
432 1797 538 1871 etquod
547 1799 646 1854 Natura
656 1796 773 1866 remittit,

174 1873 265 1930 invida
275 1874 333 1929 iura
342 1881 449 1948 negent.
479 1873 576 1930 Gentes
587 1877 675 1926 tamen
683 1888 741 1929 esse
752 1874 884 1942 seruntur,

174 1949 202 2003 in
213 1948 313 2020 quibus
322 1954 347 2001 et
359 1955 420 2002 nato
431 1947 560 2021 genetrix,
580 1951 606 2000 et
614 1952 674 2002 nete
681 1950 783 2021 parenti

174 2021 307 2095 iungitur;
328 2028 354 2076 et
361 2021 445 2093 pietes
454 2021 588 2097 geminato
596 2024 688 2080 crescit
696 2039 793 2081 amore.

174 2099 215 2154 Me
224 2095 359 2162 miserem,
379 2095 451 2168 quod
463 2113 516 2151 non
526 2094 599 2150 nesci
611 2098 678 2155 mihi
686 2094 795 2168 contigit
802 2089 867 2160 illic,

121 2185 160 2230 335
174 2173 332 2244 fortunaque
341 2170 391 2227 loci
401 2169 502 2227 laedor!
513 2199 551 2212 -
569 2169 639 2239 Quid
649 2175 677 2231 in
687 2176 737 2229 iste
746 2165 886 2226 revolvor?

175 2249 240 2322 Spes
249 2245 409 2313 interdictae,
428 2245 562 2302 discedite.
591 2249 693 2325 Dignus
705 2243 788 2301 amari

174 2324 228 2392 ille,
249 2323 296 2379 sed
306 2331 337 2379 ut
348 2329 430 2394 pater,
449 2329 498 2378 est.
509 2353 547 2365 -
565 2324 635 2401 Ergo
647 2323 671 2379 si
681 2320 735 2376 fitia
745 2321 836 2396 magni

174 2419 229 2456 non
238 2417 322 2456 essem
333 2397 454 2474 Cinyrae,
474 2396 586 2475 Cinyrae
594 2396 766 2457 concumbere
775 2414 891 2471 possem.

174 2475 252 2532 Nunc
262 2476 325 2550 quie
339 2476 393 2531 iam
407 2491 483 2530 meus
497 2484 549 2543 cst,
570 2495 623 2535 non
637 2481 676 2531 est
688 2491 778 2544 meus;
799 2475 912 2546 ipseque

647 2550 744 2607 damno

103 2629 148 2677 313
160 2631 205 2679 est
212 2624 286 2682 milri
293 2625 467 2704 proximitas.
497 2627 590 2686 Aliena
598 2626 727 2703 potentior
736 2639 830 2678 essem.

286 2890 392 2912 *—
