1874 2940
150 134 200 190 266
339 139 369 186 P.
389 138 515 187 0v1n11
532 140 701 187 NASONIS

95 252 135 297 550
149 239 251 296 vastius
261 240 405 329 insurgens
413 241 530 298 decimae
539 240 593 296 ruit
602 240 717 313 impetus
726 238 830 299 undae:

149 332 198 371 neo
206 316 283 389 prius
292 317 397 373 absistit
406 317 503 373 lessam
512 333 667 390 oppugnare
676 316 804 384 carinam,

149 408 232 463 quam
242 392 354 449 velutin
363 402 454 465 captae
462 391 604 447 descendat
612 393 715 447 moenia
726 393 814 448 navis.

148 467 213 523 Pars
223 468 306 542 igitur
314 469 431 525 tentabat
442 466 530 522 adhuc
540 466 664 521 invadere
675 467 786 539 pinnm;

148 559 211 616 pars
230 545 313 599 maris
331 545 404 599 intus
422 549 487 597 eret.
529 542 672 614 Trepidant
693 541 765 597 haud
784 548 898 620 segnius

626 632 728 682 omnes,

95 701 134 747 535
148 709 231 764 quam
241 690 307 746 solet
315 689 391 755 urbs,
412 688 471 746 aliis
481 706 590 745 murum
600 689 761 746 fodientibus
771 701 860 762 extra,

148 774 228 838 atque
237 764 297 819 aliis
307 781 427 829 murum,
448 764 588 836 trepidare,
607 766 759 823 tenentibus
770 769 856 827 intus.

147 839 240 894 Deficit
248 855 301 904 ars,
313 839 452 911 animique
460 839 573 896 cadunt:
585 840 748 914 totidemque
757 844 894 915 videntur,

149 920 214 986 quot
223 913 337 967 veniunt
345 911 536 982 fluctus‚ruere
543 915 776 990 atqueimumpere
784 930 893 978 mortes.

149 989 209 1044 Non
218 994 288 1043 tenet
296 987 341 1044 hio
351 987 482 1049 lacrimas:
494 999 583 1065 stupet
592 990 645 1049 bic:
658 1000 734 1049 vocat
743 993 893 1063 illabentes,

95 1071 135 1118 alu
149 1063 242 1119 funcra
252 1079 321 1136 quos
332 1074 468 1137 maneant3
489 1067 533 1123 hic
543 1069 611 1125 votis
621 1084 722 1124 numen
732 1069 830 1135 adorat,

148 1139 310 1213 brachiaque
318 1142 353 1198 ed
361 1141 553 1215 eoelum‚quod
562 1161 616 1200 non
627 1144 706 1210 videt,
714 1144 787 1198 irrita
797 1143 893 1202 tollens

146 1216 332 1290 poscitopem:
353 1218 471 1275 subeunt
480 1219 519 1274 illi
529 1218 676 1292 inanesque
684 1235 852 1293 parensqu03

146 1291 211 1348 huic
224 1310 288 1349 cum
302 1294 462 1369 pignoribus
476 1295 587 1364 domus,
609 1303 635 1351 et
648 1295 721 1368 qnod
734 1294 832 1368 cuique
852 1312 894 1351 re-

626 1370 719 1426 lictum
729 1377 778 1426 est.

147 1441 281 1517 Halcyone
291 1442 375 1516 Ceyca
384 1450 486 1501 movet:
507 1443 601 1519 Ceycis
613 1444 696 1500 inore

94 1524 133 1571 545
148 1516 222 1572 nulla
233 1517 286 1571 nisi
297 1517 430 1591 Halcyone
439 1525 493 1574 est:
513 1526 548 1585 et,
563 1536 649 1592 quum
658 1519 788 1575 desideret
796 1533 891 1586 unam,

146 1589 245 1664 gaudet
253 1590 347 1646 abesse
354 1597 454 1648 nmen.
474 1593 576 1647 Patriae
585 1610 693 1665 quoque
702 1594 781 1651 vellet
790 1594 823 1649 ad
832 1612 892 1650 oras

146 1665 292 1738 respicere,
310 1667 395 1739 inque
402 1666 514 1722 domum
523 1683 661 1738 supremos
675 1676 774 1723 vertere
783 1669 890 1726 vultus:

146 1757 252 1809 verum,
274 1741 376 1808 ubisit,
397 1742 495 1798 nescit:
516 1749 588 1797 tanta
597 1743 727 1816 vertigine
736 1751 835 1815 pontus

146 1812 239 1880 fervet,
258 1824 293 1883 et,
314 1817 423 1874 inducta
431 1817 667 1891 piccisenubihus
677 1818 783 1881 umbra,

92 1899 131 1944 55⁰
145 1905 225 1945 omne
234 1891 296 1946 latet
308 1891 425 1959 eoelum,
444 1891 631 1963 duplicataque
642 1892 725 1945 nemis
738 1891 827 1959 imago
839 1902 890 1947 est.

144 1962 290 2036 Frangitur
300 1964 410 2020 incursu
421 1965 537 2020 nimbosi
547 1963 662 2019 turbinis
672 1962 763 2015 arbor:
827 2020 833 2029 ,

145 2037 453 2125 ftangituretragimen:
473 2038 619 2110 spoliisque
628 2035 746 2091 animose
757 2035 878 2106 superbit

145 2112 229 2182 unde,
249 2111 439 2180 velutvictrix,
459 2113 618 2184 sinuataque
626 2108 738 2182 despicit
747 2112 848 2169 undas:

146 2208 195 2247 nee
205 2189 300 2257 levius,
311 2205 393 2262 quam
402 2189 426 2244 si
432 2188 495 2262 quis
500 2185 588 2242 Athon
598 2184 756 2256 Pindumve,
768 2189 889 2247 revulsos

91 2275 131 2320 555
146 2266 275 2333 sedasse,
295 2273 362 2322 totos
372 2264 401 2320 in
411 2270 532 2336 apertum
541 2269 667 2319 everteret
676 2281 783 2337 aequor,

144 2343 313 2416 praecipitate
322 2340 404 2397 cadit:
424 2338 576 2412 pariterque
584 2347 610 2395 et
617 2336 732 2413 pondere
740 2349 766 2397 ct
778 2342 832 2396 ictu

145 2420 242 2491 mergit
250 2419 279 2474 in
289 2419 342 2474 ime
352 2424 449 2486 ratem;
460 2431 580 2488 cumque
591 2434 654 2490 pars
663 2434 760 2492 magna
766 2418 887 2474 virorum

133 2494 349 2621 Zargitepressa
358 2491 443 2580 grati,
463 2507 551 2566 neque
559 2493 588 2549 in
599 2497 657 2550 adra
668 2493 777 2581 reddita,
797 2491 850 2547 fato

166 2573 231 2622 ncta
240 2584 293 2624 suo
302 2575 355 2624 est:
376 2567 421 2623 alu
431 2575 518 2642 partes
526 2576 553 2625 et
562 2571 680 2626 membra
690 2583 795 2623 carinae

57 2644 106 2689 sco
121 2649 224 2700 trunca
231 2651 334 2704 tenent.
349 2646 434 2706 Tenet
442 2645 503 2723 ipse
511 2640 887 2720 manunuaeccptmsltbati

256 2884 351 2900 *a
