1874 2940
166 121 542 171 METAMORPHOSEON
560 127 629 171 ma.
644 128 690 173 lx.
748 122 797 176 223

56 221 187 293 plenaque
197 219 347 275 somniferis
356 237 465 292 serpeus
473 223 611 295 peregriua
620 227 738 280 venenis.

56 297 135 360 Tum,
141 295 215 351 velut
224 311 364 350 excussam
374 313 477 360 somno,
484 303 509 349 et
518 296 656 351 manifesta
664 299 796 357 videntem

56 370 97 424 sio
108 370 183 424 affata
193 370 241 423 dea
251 376 303 425 est:
324 369 563 426 ParscTelethusa
576 387 705 439 mearum,
812 388 850 432 ccc

56 461 125 517 pone
136 461 230 517 graves
239 461 331 514 curas3
351 445 528 517 mandataque
537 443 712 502 fallemuriti:

57 535 107 574 nec
116 518 222 585 dubita,
242 536 329 592 quum
338 527 363 576 te
371 527 450 593 partu
461 521 563 575 Lucina
573 517 676 586 levarit,

56 592 147 648 tollere
156 593 288 667 quidquid
297 595 355 650 erit.
375 597 499 651 Deasum
509 594 658 660 auxiliaris,
668 611 799 668 opemque

56 675 162 724 exorata
170 668 238 725 fero:
260 687 308 726 nec
316 679 341 726 tc
354 670 468 726 coluisse
479 670 599 743 quereris

56 745 192 818 ingratum
202 762 312 802 numen.
340 747 452 813 Monuit,
473 744 643 818 thalamoque
651 745 767 800 recessit.
812 757 852 799 tut

55 821 135 875 Laeta
146 827 202 877 tcro
212 821 307 895 surgit,
330 838 466 894 purusque
475 821 509 877 ad
519 821 605 876 sidera
614 820 729 893 supplex

56 895 149 950 Cressa
159 913 255 950 manus
265 894 371 962 tollens,
391 902 446 950 rata
455 897 510 951 sint
519 914 568 951 sua
577 896 635 951 visa
644 904 775 969 precatur.

55 969 91 1023 Ut
99 967 173 1023 dolor
182 969 306 1037 increvit3
327 986 409 1040 seque
419 969 509 1040 ipsum
519 970 624 1041 pondus
633 972 663 1026 in
673 989 751 1027 auras

57 1041 168 1110 expulit,
189 1048 283 1095 etnata
292 1040 628 1115 estignarcfeminapatri;

57 1114 138 1168 iussit
146 1113 180 1167 ali
190 1121 282 1173 mater.
301 1131 416 1186 puerum
425 1115 547 1170 mentita:
568 1117 701 1190 fidemque
812 1130 851 1174 tut

57 1205 100 1243 res
109 1187 216 1242 hahuit:
237 1205 324 1258 neque
333 1195 387 1243 erat
395 1187 465 1253 facti,
486 1189 548 1254 uisi,
566 1191 680 1255 conscia,
697 1193 795 1247 nutrix.

57 1263 123 1318 Vota
132 1269 205 1333 pater
214 1261 306 1327 solvit,
328 1277 478 1334 nomenque
486 1262 600 1333 imponit
609 1263 720 1318 avitum.

57 1334 311 1409 Iphisavussuerat.
342 1336 439 1393 Gavisa
449 1343 488 1391 est
501 1336 608 1392 nomine
616 1345 708 1404 mater,

57 1411 131 1484 quod
139 1427 281 1466 commune
288 1410 362 1477 foret,
383 1428 431 1466 nec
440 1428 603 1485 quemquam
613 1410 712 1468 falleret
721 1412 775 1469 illc.

57 1489 218 1558 Impereepta
227 1485 272 1559 pia
282 1486 417 1542 mendacia
426 1485 518 1542 fraude
529 1487 652 1544 latebant.
812 1502 851 1546 uc

57 1560 153 1618 Cultus
164 1568 218 1617 erat
226 1562 316 1635 pueri:
337 1561 426 1629 facies,
447 1580 529 1636 quam
542 1565 599 1620 sive
610 1562 724 1636 puellae,

57 1636 115 1691 sive
123 1635 199 1693 dares
207 1654 303 1710 puero,
324 1637 396 1694 ficret
404 1637 536 1695 formosus
545 1647 666 1712 uterque.

58 1710 161 1768 Tertius
171 1712 268 1768 interea
281 1712 383 1770 decimo
392 1722 553 1770 successerat
565 1732 665 1784 anuus3

56 1805 143 1861 quum
152 1796 234 1860 pater,
255 1788 324 1860 Iphi,
344 1790 393 1844 tibi
403 1788 499 1845 flavam
507 1789 652 1860 despondet
661 1789 785 1845 Ianthen:

55 1864 124 1919 inter
132 1863 300 1920 Phaestiadas
310 1880 379 1936 quae
388 1863 569 1927 laudatissima
581 1863 680 1922 formae
810 1876 849 1919 715

55 1939 114 1995 dcte
122 1937 173 1996 fuit
182 1940 267 2015 virgo,
286 1940 390 1995 Dictaeo
400 1946 460 1995 natu
473 1939 582 1994 Teleste.

55 2015 193 2081 Percotes,
212 2032 261 2088 par
271 2013 356 2070 forma
366 2013 430 2070 fuit:
450 2016 604 2088 primasque
613 2017 747 2092 magistris

56 2105 176 2159 accepere
184 2097 262 2154 artes,
283 2088 410 2144 elementa
420 2090 520 2156 aetatis,
540 2091 679 2147 ablsdem.

55 2159 124 2214 Hinc
133 2179 206 2216 amor.
211 2163 351 2219 amborum
360 2163 445 2236 tetigit
453 2163 519 2219 rude
528 2173 633 2236 pectus:
644 2174 670 2220 ct
679 2179 794 2235 aequum

56 2231 157 2288 vulnus
166 2235 274 2307 utrique
282 2235 342 2302 fuit,
362 2237 410 2292 sed
418 2246 472 2292 erat
482 2239 578 2294 fiducia
590 2239 691 2311 dispar.
808 2244 848 2287 72⁰

57 2306 217 2380 Coniugium
226 2316 369 2382 pactaeque
377 2319 509 2384 exspectat
518 2319 633 2384 tempora
644 2309 741 2371 taedae.

56 2398 191 2454 quemque
217 2383 307 2438 virum
333 2392 409 2457 putat
432 2403 502 2452 esse,
528 2404 609 2441 suum
631 2384 686 2438 scre
713 2379 795 2435 credit

56 2529 129 2604 Iphis
139 2537 218 2598 amat,
238 2548 293 2603 qua
301 2549 379 2604 posse
388 2533 441 2589 frui
450 2462 589 2604 desperqqp
593 2460 711 2603 t‹Pteauget

55 2608 105 2665 hcc
115 2607 205 2682 ipsum
215 2605 350 2664 flammas:
371 2609 496 2683 ardetque
506 2609 534 2662 in
544 2605 647 2678 virgine
656 2605 740 2680 virgo.
