1874 2940
121 109 169 162 156
307 113 337 158 Ρ.
359 112 486 160 ov1n11
503 111 668 159 NASONIS

121 213 202 286 idque
212 219 318 285 petunt:
339 213 508 285 pretiumque
517 212 610 266 iubent
619 213 677 267 sine
687 211 740 267 fine
752 231 784 287 p

120 287 168 343 llla
177 288 251 343 brevi
260 289 345 360 spatio
354 287 428 354 silet,
448 295 474 342 et
482 287 603 342 dubitare
611 286 730 342 videtur:

121 363 312 435 suspenditque
321 364 424 419 animos
433 362 493 418 sicta
502 363 630 435 gravitate
642 372 784 436 rogante·

122 439 184 494 llox
192 437 429 510 ubipollicitaest,
449 436 753 505 Quositfiduciamaior

68 524 107 568 tlt
121 514 241 569 muueris
250 514 347 577 huius,
368 514 417 568 ait:
438 513 487 584 qui
495 519 595 567 vestras
606 511 742 566 maximus
752 531 784 568 ae

122 588 179 643 dux
188 589 277 662 gregis
289 588 436 652 intercutes,
457 603 543 660 agnus
554 585 730 641 medicamine
739 588 784 643 fiet

123 665 245 718 Protinus
254 662 402 717 innumeris
412 660 503 716 effetus
516 660 618 734 laniger
628 661 706 715 annis

123 737 271 800 attrahitur,
291 733 358 790 flexo
368 735 468 789 circum
477 752 541 790 cava
551 744 668 807 tempora
677 752 772 792 cornu.

124 811 208 866 Cuius
218 817 248 864 ut
256 810 400 865 Haemonio
409 811 551 865 metuentia
563 817 670 884 guttura
683 810 769 867 cultro

71 899 109 942 315
124 885 203 950 fodit,
223 891 249 938 et
256 883 353 958 exiguo
363 884 506 941 maculavit
515 887 647 959 sanguine
655 883 771 957 ferrum3

125 959 243 1014 membra
252 958 334 1014 simul
343 959 461 1031 pecudis,
482 959 638 1032 validosque
647 960 784 1016 veneficas

124 1035 220 1110 mergit
230 1035 259 1090 in
269 1050 328 1090 aere
336 1053 411 1092 cavo.
438 1035 729 1106 Minuunteacorporis
740 1045 784 1090 arn

124 1128 276 1184 cornuaque
284 1117 415 1177 exurunt,
436 1125 620 1167 necnoncum
629 1110 784 1166 cornibusa:

125 1195 150 1242 et
158 1194 231 1243 tener
240 1187 347 1244 auditur
355 1186 444 1244 medio
452 1186 556 1242 balatus
567 1185 638 1240 ae'no.

72 1276 110 1319 tto
124 1264 178 1319 Nec
187 1281 274 1332 mora;
294 1263 413 1320 balatum
423 1261 598 1325 mirantibus,
620 1257 709 1315 exsilit
719 1276 784 1333 agur

126 1338 282 1409 lascivitque
291 1338 369 1412 fuga,
391 1336 566 1409 lactantiaque
574 1333 656 1390 ubera
666 1334 779 1407 quaerit.

125 1411 291 1483 Obstupuere
300 1420 371 1468 satae
380 1412 465 1468 Pelia:
485 1410 670 1484 promissaque
679 1416 784 1481 postque

125 1485 371 1552 exhibuerefidem3
392 1493 450 1542 tum
460 1503 522 1541 vero
531 1485 679 1557 impensius
690 1484 784 1540 instant

126 1560 176 1613 Ter
184 1559 247 1632 iuga
256 1557 378 1615 Phoebus
388 1559 480 1632 equis,
500 1560 529 1613 in
539 1560 613 1614 Ibero
625 1558 737 1615 flumine
749 1577 784 1613 mr

73 1647 112 1689 tto
125 1632 269 1702 demserat;
290 1640 418 1705 etquerta
428 1633 557 1688 radiantia
567 1643 643 1689 nocte
652 1634 784 1690 micabant

126 1708 225 1776 sidera;
246 1724 332 1781 quum
342 1708 434 1780 rapido
444 1706 526 1764 fallax
534 1708 636 1764 Aeetias
647 1709 703 1782 igni

126 1784 240 1854 imponit
247 1800 347 1856 purum
357 1781 462 1839 laticem
471 1791 497 1839 et
506 1784 563 1839 sine
572 1783 676 1839 viribus
686 1784 782 1839 herbas

126 1859 300 1929 lamqueueci
311 1857 422 1924 similis,
442 1857 557 1915 resoluto
566 1876 687 1931 corpore,
707 1875 784 1933 regen

127 1939 221 1987 etcum
231 1949 292 2006 rege
301 1951 350 1989 suo
361 1933 482 1989 custodes
491 1951 603 1990 somnus
614 1933 736 2000 habehat,

74 2020 112 2063 333
126 2023 207 2080 quem
217 2007 323 2063 dederat
332 2016 425 2064 cantus
436 2009 607 2083 magicaeque
615 2009 732 2080 potentia
742 2007 784 2080 lim

127 2084 257 2138 lutrarant
265 2082 354 2138 iussae
362 2101 424 2139 cum
435 2082 559 2141 Colchide
572 2083 665 2139 limina
675 2091 766 2139 naue:

127 2157 326 2231 ambierantque
334 2166 436 2215 torum:
457 2157 529 2227 Quid
538 2175 610 2213 nunc
619 2157 746 2214 dubitatis
756 2159 784 2213 in

127 2233 314 2308 Stringituait,
322 2233 438 2308 gladios:
452 2242 621 2308 veteremque
629 2234 784 2290 hauritecru

127 2317 158 2363 ut
166 2309 281 2382 repleam
290 2326 387 2364 vacuas
399 2308 512 2366 iuvenili
524 2308 656 2384 sanguine
665 2326 757 2365 venas.

74 2393 113 2438 335
127 2384 158 2439 In
167 2385 293 2440 manibus
303 2385 398 2443 vestris
409 2385 462 2442 vita
470 2394 511 2442 est
522 2392 645 2458 aetasque
653 2384 779 2457 parentis.

129 2458 156 2512 Si
166 2462 249 2530 pietas
258 2459 314 2518 ulla
324 2467 373 2527 est,
393 2477 443 2517 nec
452 2479 513 2534 spes
523 2461 628 2535 agitatis
638 2461 745 2528 inanes3

126 2531 243 2618 cilicium
248 2542 384 2608 praestato
389 2536 475 2611 patri:
496 2535 611 2611 telisque
619 2542 753 2591 senectam

106 2607 225 2682 wylle·
244 2619 273 2668 et
279 2616 388 2674 saniem
402 2615 523 2676 coniecto
534 2609 743 2675 emittiteierro.
