1874 2940
121 119 171 174 l72
308 124 337 169 P.
358 123 486 171 ovum
504 125 673 171 NASONIS

120 233 148 280 tu
159 223 234 289 lacis,
247 230 278 278 ut
287 222 379 290 silvas,
400 231 431 279 ut
440 241 527 278 amem
540 221 597 279 loca
608 223 680 280 sola:
701 242 819 300 meoque

65 313 104 356 820
119 299 231 370 spiritus
241 299 291 354 iste
301 307 363 354 tuus
373 315 477 370 semper
485 305 605 370 captatur
615 299 650 354 ab
662 316 717 356 ore.

119 374 237 429 Vocibus
247 373 383 447 ambiguis
393 372 529 444 deceptam
536 373 661 444 praebuit
670 392 764 430 aurem

121 448 295 521 nescioquis:
318 465 469 520 nomenque
478 464 558 502 aurae
568 456 621 502 tam
632 466 711 520 saepe
722 457 849 507 vocatum

120 540 178 578 esse
186 531 263 594 putat
272 523 426 597 Nymphae;
438 522 592 596 Nympham
603 523 671 578 mihi
680 523 766 579 credit
774 527 869 582 amari.

121 598 248 654 Criminis
259 596 391 668 extemplo
401 597 454 652 ficti
470 598 625 653 temerarius
638 598 720 653 index

66 685 105 728 825
120 674 228 729 Procrin
238 671 306 726 adit:
328 670 475 744 linguaque
486 672 563 727 relert
572 672 661 728 audita
671 689 794 730 susurra.

121 746 234 802 Credula
245 763 287 799 res
297 762 371 800 amor
381 753 430 799 est.
458 745 553 803 Subito
561 746 677 818 collapsa
688 745 790 816 dolore,

121 828 151 874 ut
160 819 212 873 eibi
222 825 353 882 narratur,
372 819 481 874 cecidit:
502 820 738 895 longoquerefeeta

121 902 251 964 tempore,
271 892 448 959 remiseram,
470 911 499 950 se
508 893 553 951 lati
564 896 632 951 dixit
641 896 743 968 iniqui:

121 967 208 1040 deque
221 967 273 1021 side
285 974 379 1039 questa
391 975 444 1024 est:
466 977 492 1025 et
501 971 613 1026 erimine
622 970 722 1027 concita
733 987 815 1037 vano,

68 1055 107 1097 838
121 1042 194 1115 quod
203 1041 270 1096 nihil
281 1050 330 1108 est,
341 1045 450 1114 metuit;
471 1046 566 1102 metuit
575 1046 633 1102 sine
642 1061 750 1118 corpora
760 1062 870 1103 nemen:

121 1125 147 1172 et
156 1116 226 1173 dolet
236 1117 330 1175 infelix
339 1117 422 1175 veluti
432 1120 465 1175 de
474 1120 567 1192 pellice
576 1138 649 1177 vera.

121 1192 205 1266 Saepe
214 1195 432 1264 tamenduhitat;
454 1204 595 1269 speratque
605 1194 754 1252 miserrima
766 1192 840 1252 falli:

122 1269 275 1343 indicioque
284 1271 363 1327 fidem
375 1279 466 1345 negat;
488 1280 522 1337 et,
544 1272 597 1327 nisi
607 1271 703 1326 viderit
713 1269 782 1342 ipsa,

121 1344 280 1401 damnatura
290 1347 332 1401 sui
344 1364 398 1401 nou
408 1354 448 1400 est
457 1346 551 1400 delicta
564 1345 662 1399 mariti.

68 1428 107 1473 835
122 1419 227 1473 Postera
237 1420 394 1490 depulerant
403 1420 520 1475 Aurorae
530 1418 633 1472 lumina
645 1426 762 1487 noctem;

122 1492 251 1563 egredior,
272 1493 409 1563 silvasque
419 1499 492 1562 peto:
513 1490 649 1558 victorque
660 1506 705 1560 per
715 1491 822 1559 herbas,

123 1564 269 1627 aurarem,
291 1564 363 1628 dixi,
385 1573 530 1633 nostroque
540 1560 644 1616 medere
654 1563 748 1622 labori.

121 1638 156 1692 Et
164 1638 254 1693 subito
265 1639 382 1711 gemitus
395 1637 463 1691 inter
472 1653 530 1690 mea
540 1637 620 1691 verba
630 1639 740 1696 videbar

123 1712 212 1768 nescio
221 1729 290 1785 quos
300 1711 417 1766 audisse.
447 1710 529 1776 Veni,
551 1718 653 1782 tamen,
673 1716 783 1788 optima,
800 1716 872 1775 dixi.

70 1795 109 1841 sta
123 1786 228 1842 Fronde
239 1786 323 1843 levem
334 1802 429 1841 rursus
439 1787 581 1857 strepitum
591 1787 701 1846 iaciente
709 1789 819 1856 caduca,

123 1878 187 1916 sum
199 1869 272 1916 ratus
282 1878 340 1917 esse
350 1859 447 1915 ieram:
469 1860 605 1937 telumque
615 1865 720 1922 volatile
730 1862 804 1917 misi.

122 1935 226 1990 Procris
237 1944 305 1991 erat:
326 1934 468 2006 medioque
477 1944 568 1994 tenens
579 1940 606 1995 in
616 1948 718 2013 pectore
727 1933 840 2001 vulnus,

123 2010 182 2065 Heu
191 2009 273 2064 mihil
294 2008 450 2065 conclamat.
476 2013 534 2070 Vox
542 2024 582 2070 est
590 2017 638 2072 ubi
651 2011 754 2088 cognita
763 2007 834 2065 fidae

124 2084 260 2158 coniugis3
282 2084 316 2142 ad
326 2102 417 2141 vocem
426 2103 551 2162 praeceps
560 2106 706 2164 amensque
714 2086 833 2143 cucurri.

70 2167 110 2216 885
124 2159 303 2216 semanimem
313 2168 455 2232 etsparsas
464 2162 610 2221 foedantem
620 2164 751 2239 sanguine
760 2169 859 2231 vestes,

125 2243 209 2291 etsua
230 2234 283 2310 (me
291 2235 421 2291 miserum
429 2238 446 2311 l)
455 2238 489 2293 de
497 2240 608 2296 vulnere
617 2241 686 2296 dona
696 2239 843 2294 trahentem

125 2311 247 2367 invenio:
268 2329 420 2385 corpusque
428 2330 487 2369 meo
498 2316 564 2369 mihi
575 2315 664 2370 carius
674 2314 748 2370 ulnis

125 2385 253 2443 mollibus
265 2385 367 2443 attollo:
388 2386 661 2462 scissaqueapectore
669 2397 742 2445 veste

125 2461 236 2518 vulnera
248 2480 326 2518 saeva
337 2462 405 2536 ligo:
426 2480 559 2537 conorque
569 2464 689 2519 inhibere
697 2479 833 2518 cruorem:

54 2544 101 2588 850
113 2552 171 2590 neu
180 2554 227 2593 me
235 2545 324 2596 morte
332 2555 383 2595 sua
392 2537 551 2595 sceleratum
560 2539 679 2601 deserat„
695 2553 752 2591 cro.

107 2611 222 2672 Viribus
232 2615 285 2677 illa
296 2635 405 2690 carens,
429 2618 526 2677 etiam
533 2610 711 2674 moribunda,
727 2607 815 2675 onega
