1874 2940
122 133 154 185 8d
304 139 331 184 Ρ.
352 141 481 187 ovmn
498 137 664 184 NASONIS

121 244 179 293 Axe
188 237 241 292 sub
252 237 380 309 Hesperio
392 247 456 294 sunt
467 255 563 310 pascua
574 237 641 292 Solis
654 256 795 311 equorum.

67 326 106 368 215
120 312 291 368 Ambrosiam
301 331 350 385 pro
359 315 479 388 gramine
490 312 596 366 habent.
616 315 653 367 Ea
665 313 731 368 sessa
742 315 850 373 diurnis

122 389 241 443 membra
252 388 407 443 ministeriis
418 387 509 449 nutrit,
530 397 684 459 reparatque
698 390 790 445 labori.

121 463 247 537 Dumque
256 464 294 519 ibi
303 460 486 536 quadrupedes
498 460 618 514 coetestia
630 464 726 532 pabula
737 476 867 537 carpunt:

122 540 318 612 nonquevioem
330 535 443 608 peragit;
457 533 584 591 thalamos
592 537 657 590 deus
668 538 746 594 intrat
755 553 868 604 amatos,

122 633 217 670 versus
231 615 258 669 in
269 615 310 667 Eu
345 627 435 664 nomes
446 608 537 663 faciem
556 612 704 683 genitricis:
726 624 751 668 et
761 617 830 671 inter

68 699 108 743 tto
122 688 166 744 his
176 707 223 745 sex
233 689 329 742 Leueot
349 701 395 738 een
406 683 519 738 famulas
529 685 561 737 ad
575 684 675 740 lumina
684 691 768 742 cernit

123 762 192 818 levia
203 768 304 818 versato
312 759 451 812 ducentem
461 760 574 812 stamine
590 758 658 812 iuso.

121 836 193 910 Ergo
204 837 261 899 ubi,
281 851 329 888 ceu
340 840 432 896 meter,
452 850 526 886 carae
536 831 607 885 dedit
617 832 705 886 oscula
717 842 806 901 natae3

121 911 183 975 Res,
203 911 249 975 uit,
270 914 426 963 arcenaest:
448 905 575 969 famulae,
596 906 735 961 discedite:
758 925 824 963 neve

122 985 214 1058 eripite
226 983 365 1040 arbitrium
376 982 462 1043 matri,
483 989 581 1034 secrete
592 980 719 1051 loquenti.

69 1072 107 1116 225
121 1061 280 1115 Paruemnt:
301 1055 469 1127 thalamoque
478 1055 544 1110 deus
554 1056 612 1110 sine
625 1064 687 1111 teste
696 1056 799 1125 relicto,

122 1134 170 1191 Ille
178 1152 228 1210 ego
238 1150 308 1197 sum,
329 1130 406 1195 dixit,
427 1130 473 1201 qni
486 1130 594 1204 longum
606 1134 699 1188 metior
709 1151 825 1199 annum3

123 1211 214 1266 omnia
227 1210 274 1284 qui
285 1205 374 1271 vide03
396 1222 533 1279 perquem
544 1207 713 1263 videtomnia
723 1207 817 1263 telius:

123 1284 327 1342 mundiooulus.
335 1281 400 1336 Mihi
407 1283 868 1358 credepiaces.Pavetilla:metuque

123 1368 149 1416 et
157 1362 231 1417 colus
240 1367 265 1414 et
274 1356 326 1412 fusi
337 1357 427 1432 digitis
436 1361 551 1414 cecidere
561 1361 688 1415 remissis.

69 1447 109 1491 23⁰
123 1437 183 1508 Ipse
193 1436 270 1490 timor
279 1431 376 1487 decuit.
409 1436 462 1488 Nec
473 1435 578 1507 longius
590 1434 633 1489 iiie
642 1442 769 1498 moratus,

123 1510 152 1565 in
165 1525 254 1564 verum
266 1507 343 1562 rediit
352 1507 455 1574 faciem,
476 1509 637 1579 solitumque
648 1510 769 1563 nitorem.

123 1583 157 1641 At
167 1584 251 1657 virgo,
271 1584 397 1654 quamvis
412 1585 519 1653 inopino
532 1584 617 1635 territa
629 1584 699 1646 visu,

123 1661 192 1716 victa
201 1659 285 1713 nitore
304 1658 356 1723 dei,
377 1659 461 1729 posita
473 1659 528 1709 vim
539 1674 617 1726 passa
628 1655 733 1726 querela
742 1664 790 1711 est.

123 1734 222 1791 Invidit
231 1732 329 1807 Clytie
350 1732 527 1806 (nequeenim
539 1731 688 1785 moderatus
698 1731 726 1785 in
736 1731 809 1786 iliam

70 1821 109 1864 235
124 1807 395 1880 Solisamoriuerat3J
415 1806 603 1876 stimulataque
613 1805 715 1876 pellicis
725 1807 764 1859 ira

123 1883 218 1958 vulgat
226 1883 406 1938 aduiterium:
427 1881 648 1951 diffamatumque
657 1881 760 1952 parenti

124 1959 233 2015 indicat.
265 1958 312 2012 Ille
321 1958 393 2013 ferox
405 1957 652 2026 immansuetusque
661 1962 811 2027 precantem

125 2033 329 2105 tendentemque
341 2050 437 2087 manus
448 2032 480 2084 ad
496 2030 596 2084 lumina
606 2029 683 2094 Solis,
706 2037 744 2094 et,
766 2028 812 2084 lile

123 2108 369 2173 vimtulitinvitae‚
388 2107 528 2169 dicentem,
550 2104 648 2159 defodit
657 2104 709 2159 alta

70 2190 110 2238 tto
124 2183 223 2240 crudus
247 2184 340 2239 humo:
367 2180 557 2253 tumulumque
580 2197 660 2251 super
683 2179 774 2254 gravis
796 2181 872 2239 addit

604 2273 707 2310 arenae.

125 2333 241 2403 Dissipat
252 2333 326 2387 huno
336 2331 417 2385 radiis
427 2330 677 2404 Hyperionenatus:
699 2332 801 2404 iterque

126 2408 237 2473 detriti,
261 2426 315 2480 quo
326 2408 412 2478 possis
426 2406 543 2460 defossos
554 2423 673 2477 promere
691 2407 793 2461 vuitus.

127 2484 181 2538 Neo
190 2490 220 2537 tu
231 2483 283 2537 iam
293 2492 396 2554 poteras
406 2491 526 2535 enectum
539 2481 654 2552 pondere
663 2490 746 2536 terrae

126 2557 230 2624 tollere,
251 2558 390 2632 Nympha,
411 2566 505 2629 caput,
526 2574 677 2629 corpusque
685 2573 821 2629 exsangue
831 2557 872 2612 ie-

605 2632 692 2687 oebas.
