1874 2940
174 121 550 170 METAMORPHOSEON
566 125 635 171 LIB.
650 126 692 171 111.
768 119 801 172 55

65 221 180 278 infausto
190 221 401 295 tetigerogradu3
421 221 589 294 demissaque
603 222 631 277 in
641 223 726 279 undas

67 315 133 352 urna
143 296 214 352 dedit
223 296 354 364 sonitum;
378 296 458 370 longo
466 305 545 368 caput
553 297 648 353 extulit
657 305 731 353 antro

66 371 200 427 caeruleus
210 388 327 443 serpens,
348 371 530 444 horrendaque
542 370 620 426 sibila
630 373 712 428 misit.

65 445 197 500 Effluxere
206 463 288 501 urnae
297 445 431 511 manibus,
453 446 616 520 sanguisque
625 446 732 519 reliquit

65 537 171 591 eorpus,
193 527 218 574 et
227 521 348 590 attonitos
358 521 463 575 subitus
473 528 570 576 tremor
578 529 687 591 occupat
696 529 778 577 artus.
828 530 853 576 1ο

67 594 114 649 lile
124 593 287 650 volubilibus
296 612 452 667 squamosos
461 595 575 650 nexibus
584 594 660 650 orbes

66 677 177 741 torquet,
199 677 224 724 et
234 669 364 724 immenso
373 669 442 724 saltu
452 670 575 725 sinuatur
584 669 613 724 in
622 686 728 724 areum:

68 751 94 798 at
106 743 192 798 media
201 743 227 815 pl
232 762 263 798 us
272 751 345 816 parte
356 743 425 799 leves
435 751 535 799 erectus
544 745 573 799 in
583 761 660 798 auras

66 817 176 889 despicit
181 836 373 874 omnenemus:
385 825 552 890 tantoquoest
561 835 677 890 empore,
688 825 797 891 quanto,

66 893 88 945 si
97 900 181 946 totum
190 900 299 964 spectes,
318 893 437 967 geminas
447 893 495 965 qui
505 902 607 965 separat
618 891 720 948 Arctos.
827 901 852 946 45

67 968 119 1021 Nec
128 984 215 1023 mora:
236 968 388 1033 Phoenicas,
408 967 464 1022 sive
476 967 514 1021 iiii
526 967 575 1023 teia
583 968 720 1039 parabant,

65 1041 121 1094 sive
129 1039 230 1113 fugam,
249 1041 306 1096 sive
316 1042 373 1114 ipse
382 1042 460 1097 timor
469 1042 624 1113 prohibebat
633 1050 787 1114 utrumque,

64 1122 185 1184 occupat;
205 1115 253 1169 hos
263 1133 363 1181 morsu,
383 1114 470 1188 longis
479 1115 661 1186 eomplexibus
672 1116 740 1182 illos,

65 1187 113 1241 hos
123 1195 197 1241 necat
206 1188 309 1253 afflatu,
329 1188 432 1243 funesta
441 1190 490 1243 hos
498 1189 557 1243 tabe
565 1190 670 1244 veneni.

64 1261 169 1314 Feoerat
181 1262 291 1333 exiguas
301 1262 354 1315 iam
369 1261 407 1317 sol
418 1260 563 1315 altissimus
572 1262 696 1317 umbras:
828 1276 852 1316 5⁰

65 1351 132 1406 quae
143 1350 215 1388 mora
225 1335 260 1388 sit
268 1335 346 1390 sociis
356 1335 467 1388 miratur
474 1335 594 1408 Agenore
602 1343 694 1404 natus,

65 1408 229 1481 vestigatque
237 1409 319 1464 viros.
349 1409 475 1482 Tegimen
484 1409 586 1482 direpta
595 1408 664 1464 leoni

65 1482 142 1555 pellis
151 1490 218 1539 erat:
238 1482 321 1539 telum
332 1483 479 1556 splendenti
490 1483 579 1540 lanoea
589 1482 665 1550 ferro,

63 1567 89 1613 et
98 1557 228 1626 iaculum3
249 1556 353 1632 teloque
362 1559 469 1615 animus
477 1559 740 1631 praestantioromni.

63 1634 97 1688 Ut
106 1650 200 1688 nemus
211 1633 327 1701 intravit,
348 1633 477 1707 letataque
484 1652 591 1707 eorpora
600 1634 675 1701 vidit,

63 1709 240 1780 victoremque
249 1727 330 1782 supra
339 1710 447 1782 spatiosi
456 1710 572 1782 eorporis
582 1709 694 1775 hostem,

64 1783 147 1838 tristia
156 1784 302 1856 sanguinea
314 1783 472 1839 lambentem
485 1783 596 1840 vulnera
605 1783 711 1858 lingua:

63 1858 116 1913 Aut
128 1857 197 1913 ultor
205 1866 316 1925 vestrae,
336 1859 465 1914 fidissima
474 1876 590 1931 corpora,
610 1858 711 1922 mortis,

64 1939 214 1997 autoomes.
233 1933 331 2006 inquit,
351 1952 405 1991 ero.
425 1934 510 1989 Dixit:
535 1933 679 2005 dextraque
689 1931 815 1987 molarem

63 2007 184 2075 sustulit3
205 2015 230 2062 et
241 2026 369 2082 magnum
382 2026 479 2082 magno
489 2009 627 2063 conamine
639 2007 722 2062 misit.
827 2017 851 2058 6⁰

63 2081 138 2138 Illius
149 2082 268 2154 impulsu
278 2101 364 2155 quum
374 2084 493 2138 turribus
503 2083 584 2139 ardua
593 2081 671 2138 oeisis

63 2157 166 2210 moenia
175 2165 244 2212 mota
254 2157 351 2226 sorent;
372 2175 480 2229 serpens
489 2157 548 2212 sine
555 2155 666 2214 vulnere
676 2155 788 2211 mansit:

64 2228 209 2303 loricaeque
218 2231 295 2288 modo
305 2233 425 2304 squamis
434 2231 568 2298 defensus,
589 2240 614 2287 et
622 2239 691 2287 atrae

63 2303 159 2357 duritia
170 2304 255 2375 pellis.
276 2306 377 2363 validos
387 2315 445 2362 oute
454 2305 551 2378 repulit
562 2308 638 2361 ictus.

63 2377 97 2431 At
106 2395 159 2432 non
169 2379 265 2435 duritia
275 2381 391 2436 iaculum
404 2398 511 2453 quoque
520 2382 583 2436 vicit
595 2380 698 2445 eadem3
827 2387 852 2428 ⁶5

63 2451 135 2523 quod
145 2452 230 2508 medio
240 2453 322 2510 lentae
332 2456 424 2526 spinae
433 2456 587 2510 curvamine
596 2456 680 2508 fixum

63 2527 193 2592 oonstitit3
211 2534 236 2580 et
245 2536 297 2584 toto
307 2529 440 2585 descendit
450 2531 478 2584 in
489 2528 532 2584 ilia
543 2529 620 2584 ferro.

63 2599 119 2666 ille,
139 2599 318 2670 dolorosam,
339 2602 734 2678 caputinsuatzigaizmis'xx-.
