1874 2940
145 111 194 165 33⁰
321 114 353 163 1’.
374 115 501 164 ovlnn
518 116 685 164 sacoma

90 229 129 273 its
144 217 231 283 venit,
251 224 290 284 et,
311 224 342 273 ut
351 216 442 274 lumen
452 219 506 273 iem
517 235 590 273 nunc
599 214 679 272 vitale
688 214 860 292 relinquam,

144 300 175 347 ut
184 293 287 349 tumulo
297 301 342 349 aut
351 301 419 348 certe
429 311 482 349 non
492 292 538 346 illa
547 292 646 348 condm
654 292 682 345 in
696 291 766 349 aive.

144 366 216 434 Quid
225 367 291 423 mihi
302 376 366 424 tunc
374 368 466 433 animi,
479 367 531 422 nisi
541 367 565 421 si
575 367 654 421 timor
663 367 774 423 abstulit
783 386 900 431 omnem

145 459 255 498 sensum
271 444 461 517 animumque,
481 441 545 497 tuit:
567 458 715 570 quumlvcs
731 450 826 514 petere
845 448 900 505 alu

624 534 652 570 re
663 516 731 571 ictus

145 607 259 664 aequora
269 590 413 663 conspexi?
430 590 509 650 Volui
519 590 674 658 inclamare;
695 590 742 645 sed
753 590 829 651 hosti

91 676 130 721 tec
144 667 255 738 prodere
264 684 307 721 me
316 667 409 720 timui:
430 673 532 720 vestrae
541 682 648 737 quoque
657 663 756 720 clamor
765 667 860 728 Ulixis

145 758 229 812 paene
238 741 287 795 rati
298 739 397 794 nocuit.
427 739 498 803 Vidi,
519 755 605 809 quum
614 747 703 796 monte
712 741 859 803 revulsum

146 816 292 868 immanem
302 810 442 883 scopulum
453 812 553 867 medias
561 815 683 885 permisit
691 816 719 869 in
730 815 833 875 undas.

146 887 208 943 Vidi
218 888 323 952 iterum,
345 886 426 941 veluti
437 888 559 943 tormenti
570 889 673 944 viribus
682 896 748 956 acta,

146 968 220 1018 vasta
229 962 353 1036 giganteo
363 962 520 1019 iaculantem
532 981 596 1018 sexa
606 963 714 1018 lacerto:

92 1050 131 1093 185
146 1044 180 1102 et,
202 1053 236 1092 ne
243 1037 402 1110 deprimeret
410 1037 539 1095 fluctusve
549 1038 650 1110 lapisve
658 1039 786 1104 carinam,

145 1112 286 1186 pertimui;
307 1113 361 1169 iem
371 1131 414 1168 me
424 1132 477 1169 nen
488 1130 546 1168 esse
554 1112 652 1168 oblitus
663 1114 692 1168 in
702 1111 757 1168 illa.

145 1187 181 1243 Ut
190 1205 252 1244 vero
260 1186 324 1263 fuga
333 1206 381 1245 vos
390 1188 424 1243 ab
433 1189 525 1244 acerba
534 1195 618 1243 morte
627 1188 747 1252 removit,

146 1262 192 1318 ille
200 1263 311 1336 quidem
321 1271 401 1321 totam
411 1263 597 1338 gemebundus
606 1261 759 1318 obambulat
766 1261 895 1335 Aetnam,

146 1339 542 1412 praetentatquemanusssvas3
564 1344 590 1392 et
599 1335 711 1392 luminis
720 1336 803 1393 orbus

93 1424 132 1469 itt
147 1413 261 1484 rupibus
271 1413 402 1470 incursat:
423 1413 578 1485 foedataque
587 1411 693 1467 brachia
706 1412 767 1467 tabo

147 1488 175 1542 in
185 1505 258 1542 mare
267 1488 436 1559 protendens,
460 1496 566 1562 gentem
576 1494 725 1543 exsecretur
734 1487 885 1547 Achivam:

147 1563 285 1633 atqueait:
307 1561 363 1617 Osi
373 1563 436 1635 quis
446 1562 540 1618 referat
552 1563 620 1617 mihi
628 1579 707 1617 casus
716 1561 823 1630 Ulixen,

147 1636 320 1711 autaliquem
329 1655 344 1693 e
353 1638 442 1705 sociis,
463 1638 492 1695 in
505 1655 585 1711 quem
596 1654 654 1692 mea
664 1637 763 1691 saeviat
771 1639 821 1705 ira,

147 1714 248 1768 viscera
258 1713 337 1769 cuius
346 1712 432 1782 edem,
453 1715 531 1771 cuius
541 1712 657 1770 viventia
668 1711 758 1767 dextra

93 1795 132 1841 tet
147 1789 266 1843 membre
276 1806 334 1844 mea
346 1789 453 1857 laniem,
473 1790 552 1846 cuius
562 1788 630 1844 mihi
639 1789 750 1863 sanguis
759 1787 876 1847 inundet

146 1867 252 1933 guttur,
271 1870 297 1916 et
306 1863 364 1918 elisi
374 1865 504 1936 trepident
513 1865 565 1920 sub
574 1864 699 1919 dentibus
708 1872 795 1932 artus3

147 1951 230 2006 wem
249 1935 370 2000 nullum,
394 1946 440 1992 aut
459 1938 516 1994 leve
535 1938 571 1991 eit
587 1937 715 1991 damnum
736 1937 802 1992 mihi
823 1936 893 1995 lucis

624 2010 758 2066 ademtae!

147 2082 216 2137 Haec
226 2088 251 2137 ct
259 2080 338 2153 plura
347 2079 430 2138 ferox.
460 2083 502 2139 Me
512 2082 616 2138 luridus
625 2093 735 2158 occupet
744 2086 847 2153 horror,

147 2164 308 2230 spectantem
318 2155 410 2213 vultus
420 2157 566 2213 etiamnum
577 2159 654 2215 caede
664 2161 809 2228 medentes,

94 2242 133 2287 tte
147 2232 321 2306 crudelesque
330 2250 441 2299 munus,
460 2240 486 2288 et
495 2234 602 2291 inanem
613 2234 722 2291 luminis
732 2236 834 2300 orbern,

148 2309 335 2382 membraque,
356 2318 382 2364 et
395 2309 514 2368 humano
527 2319 674 2442 cencrethm
689 2310 821 2385 sanguine
829 2312 894 2368 bar-

646 2401 699 2440 am.

147 2457 286 2514 Merserat
300 2467 360 2516 ante
372 2458 477 2528 cculcs;
503 2460 647 2516 minimum
660 2467 748 2516 tamen
769 2459 815 2517 illa
833 2478 894 2518 ms-

625 2535 728 2590 lorum:

132 2608 225 2663 etlam
230 2625 417 2685 pransurum,
438 2609 845 2670 iamnuncmeariseeraranar
