1874 2940
175 129 552 175 METAMORPHOSEON
571 129 643 174 LIB.
663 130 685 174 1.
768 125 799 176 49

55 228 146 284 Mollia
156 229 301 301 cinguntur
310 227 384 283 tenui
393 227 543 298 praecordia
552 227 629 282 libro.

58 307 88 359 ln
99 303 219 359 intudem
229 302 326 368 crines,
347 302 376 357 in
385 319 473 357 ramos
483 302 590 358 brachia
600 312 730 357 crescunt.
816 314 854 357 555

58 379 116 443 Pes,
138 376 216 432 modo
228 384 282 431 tam
295 375 381 442 velox,
405 377 490 450 pigris
501 376 636 431 radicibus
645 376 747 432 haeret:

58 469 103 506 ora
114 467 241 507 cacumen
250 451 361 506 habent:
383 458 501 505 remanet
510 450 579 504 nitor
590 467 663 504 unus
676 451 704 506 in
715 449 770 505 illa.

59 527 132 580 Hanc
145 542 253 598 quoque
272 525 394 584 Phoebus
408 533 492 580 amat:
512 525 652 654 positatpue
668 525 695 579 in
711 525 801 596 stipite

608 606 680 653 extre

59 672 138 728 sentit
148 671 236 728 adhuc
246 671 375 743 trepidare
383 689 453 729 novo
461 672 513 727 suh
523 673 618 728 cortice
625 679 731 743 pectus:

58 746 267 818 complexusque
278 747 336 802 suis
345 765 443 811 ramos,
467 754 498 800 ut
507 747 640 811 membra,
661 745 773 811 lacertis,
816 758 854 799 555

58 820 149 877 oscula
159 820 203 876 dat
213 821 301 895 ligno:
322 821 420 895 refugit
429 829 516 876 tamen
525 820 615 876 oscula
627 820 742 893 lignum.
919 831 921 836 '

59 895 195 960 Cuideus,
216 896 250 950 At
259 896 385 967 quoniam
395 896 494 950 coniux
502 911 561 949 mea
571 912 625 950 non
635 902 708 966 potes
718 911 785 959 esse,

59 970 284 1035 arborariscerte,
304 970 382 1034 dixit,
402 986 471 1024 mea.
499 967 609 1039 Semper
618 968 755 1024 habebunt

59 1051 177 1108 tecoma,
198 1044 354 1109 tecitharae,
374 1051 521 1108 tenostrae,
546 1042 632 1102 lauro.
652 1043 798 1113 pharetrae.

59 1118 99 1170 Tu
109 1116 223 1171 ducibus
232 1117 314 1172 Latiis
324 1117 424 1181 aderis,
444 1133 530 1186 quum
541 1114 607 1169 laeta
617 1117 783 1187 triumphum
817 1130 855 1171 555

60 1208 112 1244 vox
122 1199 210 1257 canet;
231 1198 257 1244 et
267 1190 359 1260 longas
368 1190 456 1242 visent
465 1186 592 1256 Capitolia
602 1205 725 1258 pompas.
891 1193 893 1197 '

59 1264 183 1317 Postibus
193 1263 322 1332 Augustis
331 1261 424 1314 eadem
433 1259 564 1314 fidissima
573 1267 662 1314 custos

60 1344 121 1389 ante
130 1334 199 1388 fores
208 1333 305 1388 stabis:
324 1331 495 1402 mediamque
504 1331 610 1386 tuebere
622 1349 762 1404 quercum.

61 1410 148 1480 thue
158 1424 248 1462 meum
257 1405 371 1464 intonsis
381 1412 460 1476 caput
469 1413 509 1460 est
517 1405 634 1461 iuvenile
643 1407 761 1477 capillis;

62 1493 90 1537 tu
100 1499 209 1554 quoque
218 1488 359 1554 perpetuos
368 1497 542 1554 sempergere
550 1478 653 1536 frondis
663 1481 785 1539 honores.
817 1496 855 1539 555

60 1559 176 1613 Finierat
184 1558 283 1612 Paean:
303 1555 378 1611 factis
388 1555 466 1612 nando
476 1555 564 1612 laurea
574 1557 655 1612 ramis

60 1633 168 1687 annuit:
189 1640 273 1703 utque
282 1638 370 1702 caput.
389 1631 497 1685 usaest
506 1630 619 1703 agitasse
629 1647 766 1686 cacumen.

96 1707 144 1761 Est
153 1724 248 1762 nemus
258 1705 429 1771 Haemoniae,
450 1705 802 1833 praeruptatlruogundique

589 1795 650 1832 cau
670 1779 690 1832 it

60 1853 141 1913 silva:
163 1861 257 1908 vocant
266 1847 379 1923 Tempe(
394 1869 442 1922 per
449 1869 521 1924 quae
529 1853 648 1918 Peneus,
672 1853 705 1908 ah
716 1852 770 1908 imo

60 1928 160 1983 effusus
170 1928 263 1992 Pindo,
284 1927 419 1998 spumosis
430 1925 545 1982 volvitur
555 1926 650 1983 undis.
817 1937 855 1979 570

59 2002 215 2072 deiectuque
225 2002 300 2074 gravi
312 2009 404 2055 tenues
414 2000 540 2073 agitantia
550 1999 639 2056 fumos

60 2074 152 2131 nubila
160 2075 293 2140 conducit,
313 2074 482 2146 summisque
491 2072 650 2146 adspergine
659 2074 735 2128 silvis
770 2132 772 2137 ,

60 2148 183 2220 impluit3
196 2156 221 2203 et
230 2150 319 2205 sonitu
328 2148 391 2219 plus
400 2165 483 2220 quarn
493 2147 580 2203 vicina
592 2147 692 2221 fatigat.

60 2222 239 2288 Haecdomus,
250 2223 314 2278 haec
320 2223 405 2287 sedes,
418 2221 793 2294 haecsnntpenetraliamagni

60 2297 161 2351 amnis:
182 2297 276 2362 inhia,
297 2295 492 2356 residentiacto
504 2296 671 2352 decentibus
680 2304 765 2361 antro,
818 2306 856 2348 555

60 2369 307 2436 undisiuradabat,
331 2370 519 2443 Nymphisque
528 2369 676 2426 colentibus
685 2369 781 2424 undas.

60 2444 229 2500 Conveniunt
238 2444 302 2500 illuc
311 2445 447 2516 popularia
457 2443 567 2498 flumina
577 2444 708 2514 primum,

61 2519 157 2582 nescia,
176 2526 312 2590 gratentur
321 2518 523 2574 consolenturne
535 2525 683 2588 parentem3

59 2591 191 2662 populifer
201 2592 356 2664 Spercheos,
375 2600 401 2647 at
411 2591 724 2666 irrequietusitn'xpsusx

668 2669 735 2718 We.
