1874 2940
118 112 166 165 366
295 115 326 161 Ρ.
346 113 471 162 ovlnn
494 116 661 162 NASONIS

118 217 161 273 cui
171 216 242 272 dedit
252 215 402 289 ipsecihosl
413 215 548 283 Quantum
554 221 602 281 est,
609 213 680 288 quod
685 214 755 272 desit
765 219 794 273 in
802 219 861 274 istis

118 292 271 364 adplenum
281 289 403 347 lacinus?
421 291 483 363 quis
493 290 620 346 transitus
632 290 694 345 inde
703 293 833 362 paratur?

65 376 105 423 lto
119 369 169 424 Bes
179 375 243 432 aret,
264 373 429 421 autmortem
439 366 589 422 senioribus
599 365 711 436 imputet
720 368 817 424 annis:

119 441 276 499 horriferum
285 450 373 496 eontra
383 441 481 495 Borean
492 441 550 496 ovis
559 457 632 496 arma
642 440 792 496 ministret:

120 519 201 573 ubera
211 517 274 571 dent
284 524 387 571 saturae
397 515 522 570 manibus
531 513 674 585 pressanda
683 514 810 586 capellas,

119 592 183 646 retia
194 607 256 645 eum
267 591 375 661 pedicis,
396 589 567 662 laqueosque,
588 596 708 660 artesque
718 589 826 648 dolosas

120 665 216 723 tollite:
238 682 286 718 nec
295 665 428 719 volucrem
438 665 536 719 viscata
546 662 628 717 lallite
637 664 727 737 virga:

66 748 105 796 475
120 758 167 796 neo
180 738 324 794 formidatis
334 753 424 790 cervos
434 736 560 790 includite
568 736 674 807 pinnis:

121 831 169 868 nec
178 811 258 866 celate
265 810 333 863 cibis
344 827 427 864 uncos
436 809 574 865 fallacibus
586 810 690 867 hamos.

121 886 233 949 Perdite,
249 883 273 938 si
283 893 448 955 quererent,
466 903 560 941 verum
570 887 634 942 haec
644 889 864 959 quoqueperdite

595 968 708 1016 tantum.

121 1033 172 1091 Ora
182 1034 379 1109 vacentepulis‚
399 1034 576 1109 alimentaque
584 1053 700 1109 congrua
712 1046 833 1108 carpant.

158 1110 266 1167 Talibus
276 1119 355 1183 atque
364 1110 423 1165 aliis
433 1112 561 1166 instructo
569 1120 671 1182 pectore
680 1111 758 1164 dictis

67 1194 106 1242 iso
121 1188 149 1242 in
158 1186 272 1258 patriam
281 1202 411 1241 remeasse
422 1184 519 1252 lerunt,
540 1185 662 1257 ultroque
672 1184 785 1256 petitum

121 1264 251 1335 accepisse
260 1263 378 1316 Numam
390 1260 481 1332 populi
492 1260 599 1315 Latialis
608 1261 737 1314 habenas:

43 1353 46 1359 ·
120 1338 232 1411 coniuge
241 1336 289 1408 qui
299 1336 363 1391 felix
372 1336 506 1410 Nympha,
526 1334 693 1406 ducibusque
703 1333 844 1398 Camenis,

121 1410 435 1475 sacrificosdocuitritus,
455 1417 622 1483 gentemque,
643 1407 720 1463 feroci

121 1494 253 1540 assuetam
263 1484 342 1550 bello,
361 1486 434 1556 pacis
448 1483 562 1539 traduxit
572 1484 605 1538 ad
617 1490 695 1537 artes.

68 1568 106 1614 485
121 1559 172 1627 Qui
184 1566 323 1632 postquam
329 1561 589 1632 seniorregnumque
596 1559 861 1631 aevumqueperegit‚

121 1636 281 1691 exstinctum
291 1634 432 1707 Latiaeque
442 1650 527 1689 nurus
536 1631 706 1704 populusque
718 1632 863 1705 Parnesque

122 1709 247 1766 deflevere
259 1712 390 1778 Numam;
412 1727 474 1765 nam
483 1709 590 1774 coniux,
611 1709 677 1763 urhe
686 1706 784 1772 relicta,

122 1784 199 1839 vallis
209 1786 330 1841 Aricinae
340 1786 429 1842 densis
440 1784 501 1841 latet
510 1785 597 1840 abdita
608 1783 698 1839 silvis:

122 1875 248 1929 sacraque
257 1859 378 1917 Oresteae
386 1862 488 1936 gemitu
500 1868 650 1934 questuque
659 1860 757 1913 Dianae

69 1938 107 1986 lto
122 1930 240 2001 impedit.
265 1932 322 1998 Ah,
333 1937 436 2004 quoties
445 1934 586 2008 Nymphae
595 1934 764 2006 nemorisque
774 1930 863 1985 lacus-

615 2023 657 2071 ue,

123 2078 268 2145 nefaceret,
290 2095 428 2145 monuere,
448 2087 474 2134 et
483 2023 644 2135 consolarllia
657 2082 737 2137 verba

122 2155 260 2212 dixeruntl
281 2155 383 2227 quoties
395 2153 466 2209 flenti
477 2154 604 2210 Theseius
615 2156 701 2221 heros,

122 2230 190 2287 Siste
198 2231 318 2297 modum,
333 2230 413 2286 dixit:
435 2230 602 2303 nequeenim
612 2231 716 2287 fortuna
726 2230 861 2303 querenda

122 2308 178 2362 sole
187 2315 231 2362 tua
243 2315 294 2361 est:
315 2306 416 2361 similae
426 2303 538 2361 aliorum
551 2307 651 2379 respice
659 2322 753 2361 casus:

69 2387 108 2435 495
122 2381 214 2435 mitius
224 2383 273 2436 ista
282 2381 358 2438 feres.
391 2380 551 2454 Utinamque
562 2379 682 2452 exempla
692 2380 824 2435 dolentem

123 2454 528 2528 nonmeatepcssentrelevarel
549 2455 634 2511 Sedet
643 2471 701 2510 mea
710 2462 833 2527 possunt.

119 2529 212 2584 Fando
226 2529 343 2603 aliquem
355 2530 527 2606 Hippolytum
548 2537 648 2587 vestras
668 2537 732 2602 puto
751 2529 861 2602 contigit

598 2623 677 2662 aures
