1874 2940
63 128 293 147 -----·

120 289 170 345 2⁰1
312 293 339 339 P.
361 292 486 339 ovrnu
503 291 671 339 NASONIS

119 394 217 450 Naides
225 393 287 461 hoe,
304 394 392 466 pomis
401 401 427 449 et
435 393 514 450 odoro
524 390 587 448 flore
598 389 740 463 repletum,

121 476 267 535 sacrarunt,
286 467 415 541 divesque
425 485 484 524 meo
492 467 562 523 bona
572 466 652 538 Copia
664 484 751 524 oornu
761 482 818 529 est,

120 546 238 601 Dixerat:
259 551 285 600 et
293 544 427 619 Nympho,
447 542 499 597 ritu
511 542 644 597 suooinctn
653 541 766 611 Dianae,

67 633 92 676 aa
120 638 175 675 una
184 620 382 685 ministrarum,
402 615 470 673 fusis
479 617 615 689 utrimque
626 616 743 689 capillis,

121 696 238 762 incessit,
259 702 397 765 totumque
406 691 468 747 tulit
477 691 622 764 praedivite
629 709 714 747 eornu

121 780 297 836 autumnum,
317 775 343 823 et
355 785 474 832 mensas,
495 766 681 838 ieliciapoma,
702 773 853 829 secund...

121 848 182 902 Lux
190 844 277 901 subit:
298 850 332 907 et,
353 843 440 913 primo
450 840 558 897 feriente
569 841 708 897 cacumina
719 842 795 913 Sole,

121 920 261 976 discedunt
269 918 389 972 iu'venes:
401 932 488 989 neque
496 916 567 971 enim
572 916 638 973 dum
644 915 759 974 flumina
764 938 866 992 paoem,

68 1008 94 1051 95
121 1004 147 1049 et
156 993 272 1064 placidos
282 992 396 1046 habeant
405 989 510 1064 lapsus,
531 999 652 1064 totaeque
661 992 795 1063 residant,

122 1067 310 1139 opperiuntur,
330 1084 424 1139 aquae.
452 1066 550 1123 Vultus
559 1065 714 1122 Achelouse
757 1070 834 1140 nes,

123 1151 148 1198 et
158 1142 273 1197 lacerum
282 1158 365 1197 oornu
374 1142 469 1198 mediis
479 1149 560 1215 eaput
568 1139 670 1197 abdidit
679 1158 717 1195 uu
739 1144 775 1200 is.

160 1217 238 1273 liuuo
246 1225 334 1273 tamen
344 1217 424 1274 ablati
434 1218 537 1275 domuit
545 1218 644 1273 iectura
653 1215 774 1288 decoris,

122 1301 221 1351 caetera
226 1311 316 1367 sospes
324 1294 413 1350 hebet.
424 1293 523 1368 Capitis
528 1308 645 1365 quoque,
653 1289 746 1347 fronde
752 1294 867 1373 ealigne,

69 1383 108 1425 roo
122 1379 168 1426 aut
180 1388 260 1444 super
269 1371 392 1444 impositu
401 1369 500 1426 uelatur
509 1367 640 1425 emudine
649 1365 795 1441 damnum.

122 1447 203 1512 Atte,
224 1446 403 1512 Nesseferox,
423 1445 543 1500 eiusdem
553 1441 667 1516 virginis
677 1442 757 1498 ardor

122 1522 285 1593 perdiderat,
305 1521 407 1577 volucri
418 1521 556 1575 traiectum
565 1525 638 1590 terga
647 1516 753 1589 sagitta.

122 1597 254 1667 Namque,
262 1603 454 1666 novarepetens
464 1593 563 1665 patrios
572 1591 755 1666 cumooniuge
764 1611 867 1661 muros,

123 1676 229 1722 venerat
238 1669 324 1723 Eueni
333 1669 438 1740 rapidas
447 1669 508 1723 Iove
518 1673 596 1722 natus
607 1664 640 1719 ad
649 1665 746 1723 undas.

70 1756 109 1798 1⁰5
123 1742 233 1797 Uberior
243 1741 329 1805 solito,
350 1742 450 1796 nimbis
459 1740 620 1795 hiemalibus
630 1748 733 1807 auctus,

123 1813 867 1888 vorticibusqueirequenserat,atqueimperviusemnis.

124 1890 288 1962 Intrepidum
297 1907 346 1962 pro
354 1908 392 1956 se,
413 1906 504 1945 euram
513 1890 546 1945 de
555 1889 668 1963 coniuge
677 1900 801 1964 agentem

123 1968 225 2022 Nessus
237 1964 305 2029 odit,
326 1965 506 2039 membrisque
520 1964 620 2031 valens,
640 1965 869 2039 scitusquevndo-

599 2055 670 2105 rum,

125 2113 272 2186 Officioque
281 2132 340 2170 meo
349 2114 407 2186 ripa
416 2115 523 2169 sistetur
531 2114 560 2169 in
570 2113 615 2169 illa

71 2204 110 2247 110
124 2191 202 2254 haee,
223 2189 273 2254 ait,
294 2188 398 2245 Alcide:
418 2190 562 2246 tuviribus
572 2196 645 2245 utere
654 2188 751 2245 nando.

125 2263 243 2320 Tradidit
250 2264 353 2321 Aonius
362 2265 486 2337 pavidam
497 2264 658 2339 Calydonida
669 2266 762 2331 Nesso,

123 2339 868 2413 pallentemquemetufluriumqueipsumquetimentem.

124 2417 196 2483 Mox,
211 2423 314 2481 uteret,
329 2416 504 2488 pharetraque
512 2416 612 2489 gravis,
623 2414 762 2487 spolioque
771 2416 869 2485 leonis,

125 2491 197 2564 (nam
207 2491 309 2549 olavam
319 2500 344 2546 et
353 2509 449 2547 curvos
458 2498 530 2545 trans
540 2491 624 2564 ripam
634 2490 742 2546 miserat
754 2494 858 2569 erous,)

71 2577 110 2621 115
124 2566 346 2641 Quandoquidem
355 2565 438 2638 coepi,
459 2575 617 2638 superentur
625 2565 747 2631 flumina,
768 2566 850 2625 dixit.

124 2642 304 2713 Necduhitat;
325 2659 373 2696 neo
382 2658 436 2714 qua
445 2642 480 2696 sit
488 2642 711 2699 elementissimus
721 2642 810 2696 amnis

125 2719 241 2787 quaerit:
262 2725 288 2774 et
296 2717 425 2790 obsequio
434 2716 527 2772 deferri
537 2720 638 2790 spernit
648 2732 789 2788 aquarum.

121 2791 235 2865 iamque
244 2799 335 2849 teneus
345 2792 441 2867 ripam,
461 2794 559 2850 missos
570 2789 769 2866 quummiieret
778 2806 874 2857 arens„
