1874 2940
172 127 690 180 unnnuoneuosnonnsnnt.
747 129 792 187 ῆι

60 227 145 280 Dixit:
166 233 206 290 et,
225 225 417 280 ineerteetente
428 233 468 280 est
476 225 605 282 discordie
615 233 721 297 mentis,

61 316 147 371 quum
154 301 243 373 pigent
253 306 375 366 tenum,
395 298 459 355 libet
469 307 580 356 tenure:
601 303 764 377 modumque
813 320 852 365 630

61 374 128 441 exit;
149 381 175 428 et
183 371 277 428 infelix
285 373 425 429 eommittit
432 392 510 447 seepe
518 373 618 446 repelli.

61 449 124 503 ldox
133 448 181 502 ubi
191 447 253 502 finis
262 447 344 515 obest,
362 450 475 521 putrium
486 449 555 524 fugit
565 447 610 503 ille
619 448 759 522 nefasque;

62 521 649 596 inqueperegrineponitnovnmoenieterse.

61 598 131 651 Tum
140 613 202 653 veno
211 605 337 654 moestum
348 605 399 655 tote
408 599 524 655 Miletida
535 607 623 654 mente

60 670 299 729 defecisseferunt:
319 679 693 747 tumveroepeetorevestem
815 685 853 728 ees

60 746 186 820 diripuit;
206 746 363 821 planxitque
371 766 434 805 suos
443 749 589 807 furibunde
599 748 717 805 lueertos.

61 824 171 896 lemque
178 822 266 895 ριΙιιιι
275 830 315 878 est
323 823 441 890 demens,
462 822 800 898 inoonoessemquefetetur

61 914 137 968 spem
146 897 266 961 Veneris,
277 899 398 969 sineque
406 900 519 984 ponium
528 900 684 972 invisosque
691 905 799 971 penates

61 970 171 1036 deserit,
190 978 218 1026 et
226 970 332 1044 profugi
389 979 462 1026 uitur
470 974 582 1046 vestigia
591 972 688 1029 lenuis.

61 1045 306 1114 thuetuomotee,
325 987 412 1114 pllslee
421 1042 557 1110 Semeleia,
580 1047 672 1120 thyrso
816 1055 854 1102 olo

62 1116 188 1172 Ismeniae
195 1116 327 1172 eelebrent
334 1118 442 1188 repetite
452 1119 565 1174 triennis
573 1120 701 1189 Beecbee;

62 1188 174 1264 Byblida
183 1206 237 1246 non
246 1189 321 1244 aliter
330 1189 396 1246 letos
405 1189 522 1246 ululasse
531 1209 579 1264 per
590 1210 666 1266 egros

62 1263 208 1321 Bubasides
217 1263 307 1319 videre
318 1281 417 1320 nurus:
438 1266 538 1338 quibus
547 1265 595 1321 ille
606 1265 703 1321 relictis

64 1341 154 1406 Ceras,
174 1337 472 1414 etermilerosbeleges,
492 1341 654 1415 Lyciamque
661 1349 785 1413 pererrat.

63 1417 119 1470 Iam
140 1413 259 1487 mogon,
279 1421 305 1469 et
325 1413 466 1488 Lymiren,
488 1415 644 1546 Xanthippus
662 1415 803 1490 reliquerat

550 1508 588 1547 un
607 1509 646 1558 es,
816 1502 854 1548 ets

63 1579 172 1636 quoque
182 1561 320 1620 Chimaera
329 1563 393 1641 iugo
400 1564 497 1622 mediis
506 1564 535 1621 in
546 1567 667 1639 pertibus
680 1567 779 1643 ignem,

62 1646 155 1714 peetus
164 1637 320 1706 etorelsee,
340 1639 453 1696 eandum
465 1642 595 1714 serpentis
604 1642 726 1697 habebut.

62 1711 298 1783 edentulus,
318 1714 548 1788 quumtulessete
558 1715 693 1788 sequendo

62 1787 189 1855 concidis,
209 1796 244 1857 et,
264 1789 332 1845 dura
375 1789 434 1846 sitis
445 1789 538 1847 tellure
546 1791 659 1863 eepillis,

62 1862 149 1938 Bybli,
167 1865 250 1935 isoes,
270 1863 329 1923 fron
394 1882 429 1921 ue
437 1871 483 1923 tuo
492 1865 591 1938 premis
599 1882 643 1921 ore
655 1862 776 1920 caducas.
816 1877 854 1919 ssu

62 1939 144 2012 Seepe
154 1942 233 1997 etiem
246 1941 386 2016 Nymphae
393 1941 491 1996 teneris
501 1939 651 2014 Lelegeides
660 1938 733 1996 ulnis

63 2014 304 2072 tollereoonentur:
324 2032 411 2089 saepo,
429 2015 705 2082 utmedenturemoni,

62 2089 782 2238 ififfl‘‘smillldillilllilills

63 2231 170 2304 Byblis:
190 2204 357 2293 et’bumeetet
365 2182 739 2313 leet-imarumgrugrdinerivo.
816 2246 855 2289 555

65 2304 334 2377 Neidashisvenum,
353 2327 695 2385 quaenunquemeresoere
702 2315 798 2382 posset.

65 2380 240 2452 supposuisse
254 2381 355 2440 lerunt:
376 2386 443 2457 qnid
457 2387 528 2442 enim
543 2387 605 2442 dere
618 2385 706 2440 maius
720 2383 802 2439 hebe-

552 2459 637 2516 bent‘?

67 2528 200 2595 Protinus,
219 2532 426 2604 utsectopioene
435 2533 468 2590 de
478 2537 572 2591 eontioe
582 2540 681 2609 guttae,

66 2612 129 2662 utve
137 2613 217 2662 tenax
225 2605 334 2682 gravide
343 2615 433 2664 manet
443 2608 537 2667 tellure
546 2610 685 2675 bitumen,
