1874 2940
122 110 171 165 376
309 114 339 162 l’.
360 113 486 163 ovum
503 113 671 164 maome

67 229 107 275 rso
120 234 230 291 sparsus
239 223 303 283 erat,
323 216 408 290 sparsi
419 214 524 272 lunares
533 215 779 290 sanguineenrms.

121 292 217 349 Tristia
227 290 299 347 mille
308 290 371 348 locis
381 291 489 366 Stygius
498 289 569 346 dedit
578 292 669 346 omina
678 291 767 351 bubo:

122 365 195 423 mille
205 366 269 423 locis
280 365 426 422 lacrimavit
433 366 509 431 ebur,
529 372 679 438 cantusque
688 366 808 425 feruntur

122 442 215 508 auditi,
235 440 457 498 sanatisetverbe
467 439 596 495 minantia
607 438 685 495 lucis.

121 517 234 575 Victima
245 515 319 572 nulla
330 515 398 571 litat:
419 531 584 589 magumque
594 515 694 571 instare
703 517 831 575 tumultus

69 603 108 648 100
122 591 188 648 libra
198 599 300 647 monet:
320 607 481 663 caesumque
489 597 569 661 eaput
578 590 710 661 reperitur
719 593 748 650 in
762 590 833 650 extis.

123 665 282 738 lnquelore‚
303 667 457 736 circumque
465 664 567 729 domos,
587 664 837 737 attempladeerum

123 748 264 797 nocturnos
275 738 392 795 ululasse
400 754 488 802 annm,
509 737 672 812 umbrasque
681 739 811 800 silentum

122 815 252 869 erravisse
261 812 358 875 lerunt,
378 817 530 881 motamque
540 813 699 870 tremoribus
709 817 816 874 urbem.

122 890 181 943 Non
191 893 278 941 tamen
289 884 409 952 insidias,
430 893 594 960 venturaque
603 888 709 944 vineere
719 888 772 947 lata

70 975 109 1018 000
123 960 302 1034 praemonitus
312 968 418 1034 potuere
426 961 519 1017 deum:
540 962 677 1035 strictique
687 963 812 1023 leruntur

123 1037 151 1093 in
161 1035 289 1111 templum
298 1034 395 1125 gladii:
416 1037 583 1110 nequeenim
594 1035 667 1093 locus
677 1034 752 1095 ullus
762 1040 859 1098 inllrbe

124 1111 519 1184 adlacinusdrrnmqueplaeet,
540 1111 692 1178 nisiCuria.
713 1116 831 1173 caedem.

123 1189 192 1244 Tum
202 1206 264 1245 vero
274 1187 401 1263 Cytherea
413 1202 495 1241 manu
505 1187 635 1258 percussit
645 1194 760 1260 utraque

123 1271 229 1335 peetus:
251 1272 277 1319 et
285 1262 398 1318 aetheria
408 1260 516 1317 molitur
524 1260 635 1317 uendere
644 1262 725 1328 nube,

70 1348 109 1392 005
123 1337 261 1410 quaprius
271 1335 365 1393 infesto
374 1337 448 1391 Paris
457 1344 497 1391 est
506 1345 610 1408 ereptus
619 1335 734 1402 Atridae.

123 1411 309 1470 etlliomedeos
319 1409 458 1468 Aeneaslu
492 1417 532 1466 rat
540 1429 626 1466 enses.

123 1487 234 1543 Talibus
242 1487 311 1543 hano
319 1487 436 1562 genitor:
457 1428 517 1541 gl„
527 1484 705 1558 insuperabile
716 1485 812 1555 latum,

124 1569 194 1629 nata,
215 1559 424 1635 movereparas‘l
449 1560 670 1633 Intreslieetipsa
680 1559 808 1619 Surorum

123 1644 189 1693 tecta
199 1637 296 1694 trium:
316 1633 699 1693 eemesilliomoliminevasto

71 1722 109 1766 aru
123 1728 157 1767 ex
166 1731 224 1770 aere
233 1722 258 1769 et
267 1711 351 1771 selide
360 1727 450 1768 rerum
459 1710 588 1766 tabularia
598 1711 678 1766 terro:

124 1805 193 1859 quae
204 1806 290 1862 neque
298 1804 458 1845 eoncursum
468 1787 543 1853 coeli,
555 1803 641 1860 neque
651 1782 774 1841 fulminis
783 1788 861 1852 iram,

125 1878 174 1914 nee
183 1871 305 1919 metuunt
313 1864 382 1919 ullas
392 1871 447 1919 tuta
456 1869 536 1934 atque
544 1869 647 1917 aeterna
657 1861 759 1916 ruinas.

124 1933 246 1989 Invenies
255 1936 311 1990 illic
320 1937 422 1993 inclausa
431 1935 569 1991 adamante
579 1936 688 2006 perenni

124 2005 352 2079 fetatuigeneris:
373 2010 425 2081 legi
434 2010 492 2078 ipse
501 2011 643 2079 animoque
652 2007 754 2073 notavi,

72 2097 110 2142 815
124 2079 277 2147 etreleram,
298 2096 331 2134 ne
341 2080 378 2135 sis
388 2082 552 2136 etiamnumi
573 2098 635 2136 nara
647 2081 739 2138 futuri.

124 2153 389 2229 Hicsuaeomplevit‚
410 2170 531 2227 proquo,
552 2098 689 2232 zythum,
710 2157 823 2226 laboras,

125 2243 250 2309 tempora,
271 2229 401 2307 perlectis,
421 2247 489 2303 quos
499 2239 581 2288 terrae
590 2233 690 2300 debuit,
711 2235 799 2289 annis.

124 2311 158 2364 Ut
167 2310 233 2367 deus
244 2307 347 2366 accedat
356 2305 437 2373 eaelo,
457 2307 616 2383 templisque
625 2308 734 2374 colatur,

125 2391 154 2438 tu
164 2384 253 2452 lanies,
273 2391 494 2458 natusquesuus;
515 2387 573 2457 qui,
593 2382 710 2441 nominis
720 2382 804 2454 heres,

72 2468 111 2511 000
125 2459 280 2530 impositum
290 2459 353 2515 leret
362 2475 434 2515 unus
446 2477 525 2525 onus,
545 2460 668 2531 caesique
674 2460 793 2530 parentis

126 2550 173 2588 nos
185 2534 213 2588 in
223 2533 291 2589 bella
301 2552 363 2590 sues
373 2533 533 2591 fortissimus
543 2533 612 2590 ultor
620 2533 736 2588 habebit.

116 2607 197 2667 Illius
203 2608 334 2686 auspiciis
342 2610 468 2670 obsessae
476 2609 583 2670 moenia
590 2624 685 2683 parem
