1874 2940
112 228 162 284 228
301 232 331 276 P.
352 229 482 278 ov11t11
500 228 666 278 NASONIS

112 350 146 390 ne
157 332 241 388 flectat
249 339 318 387 retro
327 348 376 389 sua
385 330 497 397 lumina,
516 330 599 387 donec
609 327 728 384 Auernos

113 407 205 464 exierit
214 405 309 463 ualles:
331 407 460 463 autirrita
471 406 540 462 dona
550 404 649 459 futura.

113 483 236 556 Carpitur
245 481 353 539 acclivis
364 497 412 553 per
421 486 495 535 muta
503 479 608 534 silentia
617 486 725 543 trames,

113 556 224 623 arduus,
244 558 385 621 obscurus,
405 554 726 683 ‹taliqinedeneusopaea

60 643 86 687 55
114 633 168 688 Nee
177 631 269 704 prueul
280 630 452 687 abfuerantte
473 629 530 683 uris
540 628 660 702 margine
673 642 815 687 summae:

114 706 168 773 hie,
192 705 363 770 nedefioeret,
384 711 514 769 metuens,
536 701 816 775 avidusquevidendi,

115 781 289 837 ilexitamens
297 778 403 834 oeulos:
423 787 449 833 et
458 779 580 850 protinus
593 777 638 835 illa
648 776 750 848 relapsa
760 786 817 835 est:

116 855 278 925 braehiaque
292 851 446 919 intendens,
466 853 616 926 prendique
634 860 660 908 et
671 852 803 925 prendere
820 872 865 912 ea-

614 936 673 983 taus

117 1002 155 1058 nil
166 1001 218 1057 nisi
227 1000 348 1057 cedentes
357 1001 451 1060 infelix
460 1005 553 1078 arripit
562 946 653 1060 auios:

64 1089 89 1133 to
118 1079 226 1150 iamque
240 1076 337 1134 iterum
353 1079 471 1136 moriens
485 1098 539 1137 non
554 1089 594 1136 est
610 1079 643 1134 de
656 1076 770 1150 coniuge
782 1081 866 1152 quid.

615 1170 678 1209 uam

118 1235 211 1301 queste
221 1247 280 1287 suo:
292 1229 368 1305 (quid
377 1233 449 1288 enim
460 1231 513 1288 nisi
522 1247 551 1286 se
559 1172 712 1303 quireretur
721 1230 867 1307 amatamil

119 1322 330 1381 supremumque
338 1307 408 1375 vale,
428 1307 501 1382 quod
509 1309 562 1362 iam
572 1306 619 1361 vix
628 1302 739 1360 auribus
747 1301 796 1359 ille

119 1382 256 1454 acciperet,
276 1383 358 1439 dixit:
379 1383 551 1456 revolutaque
559 1398 653 1437 rursus
662 1377 753 1435 eodem
763 1386 813 1433 est.

120 1457 180 1512 Non
190 1458 266 1513 aliter
274 1458 379 1529 stupuit
386 1456 696 1532 geminoneeeoouiugis
705 1451 841 1525 Orpheus,

67 1542 92 1586 55
120 1547 202 1602 quam
212 1532 261 1585 tria
271 1533 320 1602 qui
333 1532 453 1597 timidus,
473 1531 560 1585 medio
571 1536 690 1600 portante
698 1536 813 1595 catenas,

120 1602 361 1659 oollaeanisridit:
382 1621 464 1677 quem
475 1622 529 1660 non
538 1620 620 1674 pavor
630 1609 690 1656 ente
698 1603 817 1674 reliquit,

120 1692 203 1747 quam
216 1682 310 1731 notura
321 1678 404 1748 prior,
425 1694 490 1733 sexo
498 1693 546 1748 por
555 1693 652 1747 eorpus
661 1676 764 1730 oborto:

160 1749 225 1822 ique
233 1750 262 1805 in
271 1767 300 1806 se
308 1751 409 1807 crimen
422 1750 510 1815 traxit,
532 1749 762 1821 voluitquevideri

146 1824 219 1880 lenos
228 1843 407 1882 essenooons:
428 1823 760 1898 arqueoeonlisafiguree,

68 1910 94 1953 70
122 1897 216 1954 infelix
226 1901 347 1966 Lethaeo,
368 1909 443 1971 tuae3
463 1899 630 1956 iunctissima
644 1895 779 1968 quondam

121 1988 239 2043 corpora,
261 1991 334 2030 nunc
342 1975 453 2047 lapides,
472 1989 541 2046 quos
549 1971 661 2027 humide
670 1968 783 2022 sustinet
791 1967 844 2020 ide.

121 2045 257 2111 Orantem,
279 2047 430 2122 frustraque
439 2049 536 2103 iterum
546 2045 658 2100 transire
666 2039 807 2101 volentem,

122 2121 232 2194 portitor
243 2132 371 2178 amueet.
399 2122 506 2194 Septem
515 2129 604 2176 tamen
613 2115 658 2171 ille
667 2112 763 2168 diebus

124 2196 265 2271 squalidus
273 2198 301 2252 in
313 2199 386 2271 ripa,
405 2197 507 2253 Cereris
517 2195 575 2248 sine
583 2205 702 2253 munere,
722 2188 800 2245 sedit.

69 2286 96 2328 75
124 2275 193 2331 Cura
203 2273 331 2347 dolorque
340 2273 424 2329 animi
434 2271 610 2339 lacrimaeque
620 2265 744 2321 alimenta
757 2263 839 2323 luere.

124 2350 191 2406 Esse
198 2350 261 2408 deos
273 2349 352 2406 Erebi
361 2345 482 2404 crudeles
492 2352 613 2417 questus,
634 2343 663 2398 in
675 2342 755 2398 altam

125 2427 255 2498 serseipit
264 2425 418 2496 Rhodopen,
436 2419 601 2497 pulsumque
611 2418 790 2493 Aquilonibus
801 2420 868 2474 ilae-

602 2515 674 2553 mou.

126 2577 231 2633 Tertius
244 2576 380 2652 aequoreis
390 2571 526 2630 inclusum
536 2573 657 2629 Piscibus
667 2589 768 2630 annum

126 2650 230 2707 finierat
239 2652 329 2710 Titan:
349 2665 512 2724 omnemque
522 2649 652 2726 refugerat
660 2648 783 2722 Orpheus

58 2735 89 2779 ὅθ
113 2724 265 2791 liminum
276 2730 420 2805 Venerem
442 2744 490 2786 seu
499 2727 572 2804 quod
581 2725 649 2784 male
658 2730 771 2782 cesserat
780 2719 829 2787 illi,
