<?xml version="1.0" encoding="UTF-8"?>
<!DOCTYPE html PUBLIC "-//W3C//DTD XHTML 1.0 Transitional//EN"
    "http://www.w3.org/TR/xhtml1/DTD/xhtml1-transitional.dtd">
<html xmlns="http://www.w3.org/1999/xhtml" xml:lang="en" lang="en">
 <head>
  <title>
</title>
<meta http-equiv="Content-Type" content="text/html;charset=utf-8" />
  <meta name='ocr-system' content='tesseract 3.04.00' />
  <meta name='ocr-capabilities' content='ocr_page ocr_carea ocr_par ocr_line ocrx_word'/>
</head>
<body>
  <div class='ocr_page' id='page_1' title='image "./povidiinasoniso01ovidgoog_0339.png"; bbox 0 0 1874 2940; ppageno 0'>
   <div class='ocr_carea' id='block_1_1' title="bbox 163 419 808 472">
    <p class='ocr_par' dir='ltr' id='par_1_1' title="bbox 163 419 808 472">
     <span class='ocr_line' id='line_1_1' title="bbox 163 419 808 472; baseline 0.006 -4"><span class='ocrx_word' id='word_1_1' title='bbox 163 420 543 468; x_wconf 79' lang='lat' dir='ltr'><strong>METAMORPHOSEON</strong></span> <span class='ocrx_word' id='word_1_2' title='bbox 560 425 630 470; x_wconf 89' lang='lat' dir='ltr'>LIB.</span> <span class='ocrx_word' id='word_1_3' title='bbox 649 421 719 471; x_wconf 77' lang='lat' dir='ltr'><strong>xlv.</strong></span> <span class='ocrx_word' id='word_1_4' title='bbox 763 419 808 472; x_wconf 70' lang='grc'>341</span> 
     </span>
    </p>
   </div>
   <div class='ocr_carea' id='block_1_2' title="bbox 66 519 867 2825">
    <p class='ocr_par' dir='ltr' id='par_1_2' title="bbox 66 519 814 594">
     <span class='ocr_line' id='line_1_2' title="bbox 66 519 814 594; baseline 0.005 -17"><span class='ocrx_word' id='word_1_5' title='bbox 66 519 255 577; x_wconf 86' lang='lat' dir='ltr'>beliainiausta</span> <span class='ocrx_word' id='word_1_6' title='bbox 260 527 366 594; x_wconf 81' lang='lat' dir='ltr'>gerunt:</span> <span class='ocrx_word' id='word_1_7' title='bbox 379 519 814 592; x_wconf 79' lang='lat' dir='ltr'>multumqueabutraqueeruoris</span> 
     </span>
    </p>

    <p class='ocr_par' dir='ltr' id='par_1_3' title="bbox 66 593 867 668">
     <span class='ocr_line' id='line_1_3' title="bbox 66 593 867 668; baseline 0.007 -19"><span class='ocrx_word' id='word_1_8' title='bbox 66 602 140 668; x_wconf 86' lang='lat' dir='ltr'>parte</span> <span class='ocrx_word' id='word_1_9' title='bbox 149 595 237 649; x_wconf 91' lang='lat' dir='ltr'>datur.</span> <span class='ocrx_word' id='word_1_10' title='bbox 266 597 328 648; x_wconf 87' lang='lat' dir='ltr'>Fert</span> <span class='ocrx_word' id='word_1_11' title='bbox 339 611 397 647; x_wconf 87' lang='lat' dir='ltr'>ecoe</span> <span class='ocrx_word' id='word_1_12' title='bbox 406 594 498 647; x_wconf 79' lang='lat' dir='ltr'>avidas</span> <span class='ocrx_word' id='word_1_13' title='bbox 509 593 536 646; x_wconf 94' lang='lat' dir='ltr'>in</span> <span class='ocrx_word' id='word_1_14' title='bbox 548 595 625 663; x_wconf 88' lang='lat' dir='ltr'>pinea</span> <span class='ocrx_word' id='word_1_15' title='bbox 636 597 744 650; x_wconf 86' lang='lat' dir='ltr'>Turnus</span> <span class='ocrx_word' id='word_1_16' title='bbox 829 612 867 655; x_wconf 82' lang='lat'>53⁰</span> 
     </span>
    </p>

    <p class='ocr_par' dir='ltr' id='par_1_4' title="bbox 68 666 812 741">
     <span class='ocr_line' id='line_1_4' title="bbox 68 666 812 741; baseline 0.004 -17"><span class='ocrx_word' id='word_1_17' title='bbox 68 677 137 725; x_wconf 82' lang='lat' dir='ltr'>texta</span> <span class='ocrx_word' id='word_1_18' title='bbox 146 669 229 724; x_wconf 88' lang='lat' dir='ltr'>faces:</span> <span class='ocrx_word' id='word_1_19' title='bbox 241 669 370 741; x_wconf 86' lang='lat' dir='ltr'>ignesque</span> <span class='ocrx_word' id='word_1_20' title='bbox 380 668 483 731; x_wconf 91' lang='lat' dir='ltr'>timent,</span> <span class='ocrx_word' id='word_1_21' title='bbox 494 666 596 738; x_wconf 86' lang='lat' dir='ltr'>quibus</span> <span class='ocrx_word' id='word_1_22' title='bbox 606 668 677 723; x_wconf 84' lang='lat' dir='ltr'>unde</span> <span class='ocrx_word' id='word_1_23' title='bbox 687 672 812 740; x_wconf 84' lang='lat' dir='ltr'>pepercit.</span> 
     </span>
    </p>

    <p class='ocr_par' dir='ltr' id='par_1_5' title="bbox 68 741 814 815">
     <span class='ocr_line' id='line_1_5' title="bbox 68 741 814 815; baseline 0.001 -17"><span class='ocrx_word' id='word_1_24' title='bbox 68 741 814 815; x_wconf 84' lang='lat' dir='ltr'>lamquepicem,etceras,alimentaqueoaeterassarnmae</span> 
     </span>
    </p>

    <p class='ocr_par' dir='ltr' id='par_1_6' title="bbox 68 815 803 887">
     <span class='ocr_line' id='line_1_6' title="bbox 68 815 803 887; baseline -0.003 -12"><span class='ocrx_word' id='word_1_25' title='bbox 68 818 199 875; x_wconf 79' lang='lat' dir='ltr'>Mulciber</span> <span class='ocrx_word' id='word_1_26' title='bbox 208 818 315 882; x_wconf 86' lang='lat' dir='ltr'>urebat,</span> <span class='ocrx_word' id='word_1_27' title='bbox 336 815 528 887; x_wconf 87' lang='lat' dir='ltr'>perquealtum</span> <span class='ocrx_word' id='word_1_28' title='bbox 538 815 572 868; x_wconf 90' lang='lat' dir='ltr'>ad</span> <span class='ocrx_word' id='word_1_29' title='bbox 581 815 690 870; x_wconf 86' lang='lat' dir='ltr'>carbasa</span> <span class='ocrx_word' id='word_1_30' title='bbox 701 816 803 874; x_wconf 84' lang='lat' dir='ltr'>mnium</span> 
     </span>
    </p>

    <p class='ocr_par' dir='ltr' id='par_1_7' title="bbox 69 890 716 958">
     <span class='ocr_line' id='line_1_7' title="bbox 69 890 716 958; baseline -0.002 -11"><span class='ocrx_word' id='word_1_31' title='bbox 69 894 134 958; x_wconf 93' lang='lat' dir='ltr'>ihat,</span> <span class='ocrx_word' id='word_1_32' title='bbox 155 902 180 947; x_wconf 92' lang='lat' dir='ltr'>et</span> <span class='ocrx_word' id='word_1_33' title='bbox 191 894 317 948; x_wconf 80' lang='lat' dir='ltr'><strong>incurvae</strong></span> <span class='ocrx_word' id='word_1_34' title='bbox 326 891 465 946; x_wconf 73' lang='lat' dir='ltr'><strong>fumabant</strong></span> <span class='ocrx_word' id='word_1_35' title='bbox 475 896 586 943; x_wconf 84' lang='lat' dir='ltr'>transtra</span> <span class='ocrx_word' id='word_1_36' title='bbox 597 890 716 946; x_wconf 76' lang='lat' dir='ltr'>carinae:</span> 
     </span>
    </p>

    <p class='ocr_par' dir='ltr' id='par_1_8' title="bbox 69 964 867 1039">
     <span class='ocr_line' id='line_1_8' title="bbox 69 964 867 1039; baseline 0 -18"><span class='ocrx_word' id='word_1_37' title='bbox 69 984 155 1039; x_wconf 91' lang='lat' dir='ltr'>quum</span> <span class='ocrx_word' id='word_1_38' title='bbox 166 985 268 1023; x_wconf 89' lang='lat' dir='ltr'>memor</span> <span class='ocrx_word' id='word_1_39' title='bbox 278 968 327 1022; x_wconf 88' lang='lat' dir='ltr'>bas</span> <span class='ocrx_word' id='word_1_40' title='bbox 335 968 417 1038; x_wconf 87' lang='lat' dir='ltr'>pinus</span> <span class='ocrx_word' id='word_1_41' title='bbox 428 965 503 1020; x_wconf 84' lang='lat' dir='ltr'>{daeo</span> <span class='ocrx_word' id='word_1_42' title='bbox 512 964 608 1019; x_wconf 87' lang='lat' dir='ltr'>vertice</span> <span class='ocrx_word' id='word_1_43' title='bbox 616 980 706 1019; x_wconf 87' lang='lat' dir='ltr'>caesas</span> <span class='ocrx_word' id='word_1_44' title='bbox 829 978 867 1021; x_wconf 80' lang='grc'>535</span> 
     </span>
    </p>

    <p class='ocr_par' dir='ltr' id='par_1_9' title="bbox 68 1037 750 1117">
     <span class='ocr_line' id='line_1_9' title="bbox 68 1037 750 1117; baseline -0.003 -21"><span class='ocrx_word' id='word_1_45' title='bbox 68 1050 157 1097; x_wconf 84' lang='lat' dir='ltr'>saneta</span> <span class='ocrx_word' id='word_1_46' title='bbox 168 1042 248 1098; x_wconf 79' lang='lat' dir='ltr'>deum</span> <span class='ocrx_word' id='word_1_47' title='bbox 258 1042 393 1117; x_wconf 83' lang='lat' dir='ltr'>genetrix,</span> <span class='ocrx_word' id='word_1_48' title='bbox 414 1039 556 1096; x_wconf 78' lang='lat' dir='ltr'><strong>tinnitibus</strong></span> <span class='ocrx_word' id='word_1_49' title='bbox 566 1037 668 1093; x_wconf 84' lang='lat' dir='ltr'>aethere</span> <span class='ocrx_word' id='word_1_50' title='bbox 678 1038 750 1111; x_wconf 87' lang='lat' dir='ltr'>pulsi</span> 
     </span>
    </p>

    <p class='ocr_par' dir='ltr' id='par_1_10' title="bbox 69 1113 677 1188">
     <span class='ocr_line' id='line_1_10' title="bbox 69 1113 677 1188; baseline -0.007 -18"><span class='ocrx_word' id='word_1_51' title='bbox 69 1117 146 1182; x_wconf 83' lang='lat' dir='ltr'>aeris,</span> <span class='ocrx_word' id='word_1_52' title='bbox 168 1126 194 1172; x_wconf 92' lang='lat' dir='ltr'>et</span> <span class='ocrx_word' id='word_1_53' title='bbox 204 1116 287 1172; x_wconf 87' lang='lat' dir='ltr'>inflati</span> <span class='ocrx_word' id='word_1_54' title='bbox 296 1117 439 1188; x_wconf 88' lang='lat' dir='ltr'>complevit</span> <span class='ocrx_word' id='word_1_55' title='bbox 449 1131 587 1170; x_wconf 88' lang='lat' dir='ltr'>murmure</span> <span class='ocrx_word' id='word_1_56' title='bbox 596 1113 677 1167; x_wconf 86' lang='lat' dir='ltr'>buxi:</span> 
     </span>
    </p>

    <p class='ocr_par' dir='ltr' id='par_1_11' title="bbox 68 1189 710 1261">
     <span class='ocr_line' id='line_1_11' title="bbox 68 1189 710 1261; baseline -0.002 -18"><span class='ocrx_word' id='word_1_57' title='bbox 68 1207 169 1261; x_wconf 79' lang='lat' dir='ltr'>perque</span> <span class='ocrx_word' id='word_1_58' title='bbox 179 1190 249 1245; x_wconf 82' lang='lat' dir='ltr'>leves</span> <span class='ocrx_word' id='word_1_59' title='bbox 259 1191 366 1244; x_wconf 87' lang='lat' dir='ltr'>domitis</span> <span class='ocrx_word' id='word_1_60' title='bbox 376 1191 477 1243; x_wconf 82' lang='lat' dir='ltr'>invecta</span> <span class='ocrx_word' id='word_1_61' title='bbox 489 1189 611 1243; x_wconf 82' lang='lat' dir='ltr'>leonibus</span> <span class='ocrx_word' id='word_1_62' title='bbox 622 1204 710 1254; x_wconf 86' lang='lat' dir='ltr'>auras,</span> 
     </span>
    </p>

    <p class='ocr_par' dir='ltr' id='par_1_12' title="bbox 69 1262 618 1335">
     <span class='ocr_line' id='line_1_12' title="bbox 69 1262 618 1335; baseline -0.002 -19"><span class='ocrx_word' id='word_1_63' title='bbox 69 1264 144 1317; x_wconf 84' lang='lat' dir='ltr'>Irrita</span> <span class='ocrx_word' id='word_1_64' title='bbox 154 1262 281 1335; x_wconf 82' lang='lat' dir='ltr'>sacrilega</span> <span class='ocrx_word' id='word_1_65' title='bbox 292 1264 372 1316; x_wconf 83' lang='lat' dir='ltr'>iactas</span> <span class='ocrx_word' id='word_1_66' title='bbox 386 1262 506 1316; x_wconf 84' lang='lat' dir='ltr'>incendia</span> <span class='ocrx_word' id='word_1_67' title='bbox 517 1263 618 1327; x_wconf 87' lang='lat' dir='ltr'>dextra,</span> 
     </span>
    </p>

    <p class='ocr_par' dir='ltr' id='par_1_13' title="bbox 70 1337 867 1406">
     <span class='ocr_line' id='line_1_13' title="bbox 70 1337 867 1406; baseline 0.005 -16"><span class='ocrx_word' id='word_1_68' title='bbox 70 1339 172 1401; x_wconf 87' lang='lat' dir='ltr'>Turne,</span> <span class='ocrx_word' id='word_1_69' title='bbox 193 1337 240 1390; x_wconf 90' lang='lat' dir='ltr'>ait.</span> <span class='ocrx_word' id='word_1_70' title='bbox 269 1337 404 1406; x_wconf 81' lang='lat' dir='ltr'>Eripiam3</span> <span class='ocrx_word' id='word_1_71' title='bbox 426 1353 473 1390; x_wconf 91' lang='lat' dir='ltr'>nec</span> <span class='ocrx_word' id='word_1_72' title='bbox 484 1354 526 1389; x_wconf 90' lang='lat' dir='ltr'>me</span> <span class='ocrx_word' id='word_1_73' title='bbox 535 1337 650 1406; x_wconf 87' lang='lat' dir='ltr'>patiente</span> <span class='ocrx_word' id='word_1_74' title='bbox 659 1338 787 1397; x_wconf 86' lang='lat' dir='ltr'>cremabit</span> <span class='ocrx_word' id='word_1_75' title='bbox 828 1345 867 1394; x_wconf 76' lang='lat' dir='ltr'>sto</span> 
     </span>
    </p>

    <p class='ocr_par' dir='ltr' id='par_1_14' title="bbox 69 1409 773 1484">
     <span class='ocr_line' id='line_1_14' title="bbox 69 1409 773 1484; baseline 0.003 -18"><span class='ocrx_word' id='word_1_76' title='bbox 69 1410 139 1484; x_wconf 83' lang='lat' dir='ltr'>ignis</span> <span class='ocrx_word' id='word_1_77' title='bbox 150 1409 217 1465; x_wconf 88' lang='lat' dir='ltr'>edax</span> <span class='ocrx_word' id='word_1_78' title='bbox 227 1427 365 1465; x_wconf 87' lang='lat' dir='ltr'>nemorum</span> <span class='ocrx_word' id='word_1_79' title='bbox 377 1420 463 1481; x_wconf 89' lang='lat' dir='ltr'>partes</span> <span class='ocrx_word' id='word_1_80' title='bbox 473 1419 498 1464; x_wconf 89' lang='lat' dir='ltr'>et</span> <span class='ocrx_word' id='word_1_81' title='bbox 511 1412 630 1466; x_wconf 84' lang='lat' dir='ltr'>membra</span> <span class='ocrx_word' id='word_1_82' title='bbox 642 1429 773 1468; x_wconf 86' lang='lat' dir='ltr'>meorum.</span> 
     </span>
    </p>

    <p class='ocr_par' dir='ltr' id='par_1_15' title="bbox 68 1484 663 1557">
     <span class='ocr_line' id='line_1_15' title="bbox 68 1484 663 1557; baseline -0.002 -16"><span class='ocrx_word' id='word_1_83' title='bbox 68 1484 186 1540; x_wconf 90' lang='lat' dir='ltr'>Intonuit</span> <span class='ocrx_word' id='word_1_84' title='bbox 195 1484 297 1538; x_wconf 90' lang='lat' dir='ltr'>dioenta</span> <span class='ocrx_word' id='word_1_85' title='bbox 306 1484 368 1552; x_wconf 82' lang='lat' dir='ltr'>dea3</span> <span class='ocrx_word' id='word_1_86' title='bbox 391 1487 571 1557; x_wconf 88' lang='lat' dir='ltr'>tonitrumque</span> <span class='ocrx_word' id='word_1_87' title='bbox 580 1487 663 1540; x_wconf 87' lang='lat' dir='ltr'>secuti</span> 
     </span>
    </p>

    <p class='ocr_par' dir='ltr' id='par_1_16' title="bbox 68 1559 761 1633">
     <span class='ocr_line' id='line_1_16' title="bbox 68 1559 761 1633; baseline -0.001 -17"><span class='ocrx_word' id='word_1_88' title='bbox 68 1578 130 1617; x_wconf 87' lang='lat' dir='ltr'>oum</span> <span class='ocrx_word' id='word_1_89' title='bbox 141 1559 250 1615; x_wconf 78' lang='lat' dir='ltr'><strong>saliente</strong></span> <span class='ocrx_word' id='word_1_90' title='bbox 259 1576 353 1633; x_wconf 82' lang='lat' dir='ltr'>graves</span> <span class='ocrx_word' id='word_1_91' title='bbox 363 1559 514 1613; x_wconf 87' lang='lat' dir='ltr'>ceciderunt</span> <span class='ocrx_word' id='word_1_92' title='bbox 522 1561 652 1631; x_wconf 75' lang='lat' dir='ltr'>grandine</span> <span class='ocrx_word' id='word_1_93' title='bbox 662 1560 761 1615; x_wconf 86' lang='lat' dir='ltr'>nimbi:</span> 
     </span>
    </p>

    <p class='ocr_par' dir='ltr' id='par_1_17' title="bbox 68 1633 784 1707">
     <span class='ocr_line' id='line_1_17' title="bbox 68 1633 784 1707; baseline -0.008 -16"><span class='ocrx_word' id='word_1_94' title='bbox 68 1639 189 1707; x_wconf 71' lang='lat' dir='ltr'>aeraque,</span> <span class='ocrx_word' id='word_1_95' title='bbox 211 1644 236 1690; x_wconf 88' lang='lat' dir='ltr'>et</span> <span class='ocrx_word' id='word_1_96' title='bbox 248 1638 382 1693; x_wconf 91' lang='lat' dir='ltr'>tumidum</span> <span class='ocrx_word' id='word_1_97' title='bbox 392 1637 489 1691; x_wconf 79' lang='lat' dir='ltr'>subitis</span> <span class='ocrx_word' id='word_1_98' title='bbox 499 1633 674 1688; x_wconf 85' lang='lat' dir='ltr'>concursibus</span> <span class='ocrx_word' id='word_1_99' title='bbox 686 1648 784 1704; x_wconf 85' lang='lat' dir='ltr'>aequor</span> 
     </span>
    </p>

    <p class='ocr_par' dir='ltr' id='par_1_18' title="bbox 68 1709 866 1781">
     <span class='ocr_line' id='line_1_18' title="bbox 68 1709 866 1781; baseline 0.001 -15"><span class='ocrx_word' id='word_1_100' title='bbox 68 1709 168 1766; x_wconf 81' lang='lat' dir='ltr'>Astraei</span> <span class='ocrx_word' id='word_1_101' title='bbox 180 1710 297 1775; x_wconf 88' lang='lat' dir='ltr'>turbant,</span> <span class='ocrx_word' id='word_1_102' title='bbox 318 1718 343 1765; x_wconf 92' lang='lat' dir='ltr'>et</span> <span class='ocrx_word' id='word_1_103' title='bbox 351 1720 416 1765; x_wconf 91' lang='lat' dir='ltr'>eunt</span> <span class='ocrx_word' id='word_1_104' title='bbox 426 1711 454 1765; x_wconf 88' lang='lat' dir='ltr'>in</span> <span class='ocrx_word' id='word_1_105' title='bbox 464 1710 572 1781; x_wconf 88' lang='lat' dir='ltr'>proelia,</span> <span class='ocrx_word' id='word_1_106' title='bbox 592 1710 694 1765; x_wconf 84' lang='lat' dir='ltr'>iratres.</span> <span class='ocrx_word' id='word_1_107' title='bbox 828 1719 866 1767; x_wconf 70' lang='grc'>555</span> 
     </span>
    </p>

    <p class='ocr_par' dir='ltr' id='par_1_19' title="bbox 68 1783 662 1856">
     <span class='ocr_line' id='line_1_19' title="bbox 68 1783 662 1856; baseline 0 -16"><span class='ocrx_word' id='word_1_108' title='bbox 68 1786 89 1840; x_wconf 94' lang='grc' dir='ltr'>Ε</span> <span class='ocrx_word' id='word_1_109' title='bbox 100 1784 201 1856; x_wconf 89' lang='lat' dir='ltr'>quibus</span> <span class='ocrx_word' id='word_1_110' title='bbox 211 1783 280 1839; x_wconf 83' lang='lat' dir='ltr'>elma</span> <span class='ocrx_word' id='word_1_111' title='bbox 291 1803 387 1856; x_wconf 84' lang='lat' dir='ltr'>parens</span> <span class='ocrx_word' id='word_1_112' title='bbox 398 1787 480 1840; x_wconf 87' lang='lat' dir='ltr'>unius</span> <span class='ocrx_word' id='word_1_113' title='bbox 491 1785 594 1839; x_wconf 87' lang='lat' dir='ltr'>viribus</span> <span class='ocrx_word' id='word_1_114' title='bbox 604 1803 662 1851; x_wconf 89' lang='lat' dir='ltr'>usa,</span> 
     </span>
    </p>

    <p class='ocr_par' dir='ltr' id='par_1_20' title="bbox 67 1859 734 1934">
     <span class='ocr_line' id='line_1_20' title="bbox 67 1859 734 1934; baseline 0.004 -21"><span class='ocrx_word' id='word_1_115' title='bbox 67 1868 178 1930; x_wconf 90' lang='lat' dir='ltr'>stuppea</span> <span class='ocrx_word' id='word_1_116' title='bbox 190 1860 326 1932; x_wconf 85' lang='lat' dir='ltr'>praerupit</span> <span class='ocrx_word' id='word_1_117' title='bbox 336 1860 465 1934; x_wconf 83' lang='lat' dir='ltr'>Phrygiae</span> <span class='ocrx_word' id='word_1_118' title='bbox 474 1859 617 1914; x_wconf 86' lang='lat' dir='ltr'>retinacula</span> <span class='ocrx_word' id='word_1_119' title='bbox 627 1859 734 1916; x_wconf 86' lang='lat' dir='ltr'>classis:</span> 
     </span>
    </p>

    <p class='ocr_par' dir='ltr' id='par_1_21' title="bbox 68 1934 811 2010">
     <span class='ocr_line' id='line_1_21' title="bbox 68 1934 811 2010; baseline 0.001 -22"><span class='ocrx_word' id='word_1_120' title='bbox 68 1934 170 2005; x_wconf 76' lang='lat' dir='ltr'>fertque</span> <span class='ocrx_word' id='word_1_121' title='bbox 179 1943 247 1988; x_wconf 87' lang='lat' dir='ltr'>rates</span> <span class='ocrx_word' id='word_1_122' title='bbox 257 1953 363 2006; x_wconf 88' lang='lat' dir='ltr'>pronas,</span> <span class='ocrx_word' id='word_1_123' title='bbox 376 1935 515 2006; x_wconf 87' lang='lat' dir='ltr'>medioque</span> <span class='ocrx_word' id='word_1_124' title='bbox 524 1935 576 1988; x_wconf 92' lang='lat' dir='ltr'>sub</span> <span class='ocrx_word' id='word_1_125' title='bbox 584 1951 697 2005; x_wconf 86' lang='lat' dir='ltr'>aequora</span> <span class='ocrx_word' id='word_1_126' title='bbox 705 1935 811 2010; x_wconf 78' lang='lat' dir='ltr'>mergit.</span> 
     </span>
    </p>

    <p class='ocr_par' dir='ltr' id='par_1_22' title="bbox 67 2008 688 2081">
     <span class='ocr_line' id='line_1_22' title="bbox 67 2008 688 2081; baseline 0 -19"><span class='ocrx_word' id='word_1_127' title='bbox 67 2008 170 2063; x_wconf 87' lang='lat' dir='ltr'>Robore</span> <span class='ocrx_word' id='word_1_128' title='bbox 181 2009 290 2074; x_wconf 89' lang='lat' dir='ltr'>mollito,</span> <span class='ocrx_word' id='word_1_129' title='bbox 311 2009 438 2081; x_wconf 82' lang='lat' dir='ltr'>lignoque</span> <span class='ocrx_word' id='word_1_130' title='bbox 447 2011 475 2063; x_wconf 88' lang='lat' dir='ltr'>r&#39;n</span> <span class='ocrx_word' id='word_1_131' title='bbox 485 2025 593 2078; x_wconf 81' lang='lat' dir='ltr'>corpore</span> <span class='ocrx_word' id='word_1_132' title='bbox 603 2025 688 2073; x_wconf 85' lang='lat' dir='ltr'>verso,</span> 
     </span>
    </p>

    <p class='ocr_par' dir='ltr' id='par_1_23' title="bbox 67 2082 865 2155">
     <span class='ocr_line' id='line_1_23' title="bbox 67 2082 865 2155; baseline 0.003 -19"><span class='ocrx_word' id='word_1_133' title='bbox 67 2083 96 2137; x_wconf 90' lang='lat' dir='ltr'>iu</span> <span class='ocrx_word' id='word_1_134' title='bbox 106 2083 223 2155; x_wconf 83' lang='lat' dir='ltr'>capitum</span> <span class='ocrx_word' id='word_1_135' title='bbox 234 2082 313 2138; x_wconf 77' lang='lat' dir='ltr'>facies</span> <span class='ocrx_word' id='word_1_136' title='bbox 323 2100 427 2154; x_wconf 85' lang='lat' dir='ltr'>puppes</span> <span class='ocrx_word' id='word_1_137' title='bbox 438 2090 576 2136; x_wconf 87' lang='lat' dir='ltr'>mutantur</span> <span class='ocrx_word' id='word_1_138' title='bbox 584 2082 711 2137; x_wconf 83' lang='lat' dir='ltr'>aduncae.</span> <span class='ocrx_word' id='word_1_139' title='bbox 827 2096 865 2138; x_wconf 83' lang='lat'>550</span> 
     </span>
    </p>

    <p class='ocr_par' dir='ltr' id='par_1_24' title="bbox 68 2157 648 2232">
     <span class='ocr_line' id='line_1_24' title="bbox 68 2157 648 2232; baseline 0.002 -21"><span class='ocrx_word' id='word_1_140' title='bbox 68 2158 98 2212; x_wconf 88' lang='lat' dir='ltr'>ln</span> <span class='ocrx_word' id='word_1_141' title='bbox 107 2157 205 2232; x_wconf 79' lang='lat' dir='ltr'>digitos</span> <span class='ocrx_word' id='word_1_142' title='bbox 215 2159 314 2213; x_wconf 86' lang='lat' dir='ltr'>abeunt</span> <span class='ocrx_word' id='word_1_143' title='bbox 322 2169 347 2211; x_wconf 89' lang='lat' dir='ltr'>et</span> <span class='ocrx_word' id='word_1_144' title='bbox 355 2175 430 2213; x_wconf 82' lang='lat' dir='ltr'>crura</span> <span class='ocrx_word' id='word_1_145' title='bbox 442 2157 558 2212; x_wconf 85' lang='lat' dir='ltr'>natantia</span> <span class='ocrx_word' id='word_1_146' title='bbox 567 2157 648 2212; x_wconf 88' lang='lat' dir='ltr'>remi:</span> 
     </span>
    </p>

    <p class='ocr_par' dir='ltr' id='par_1_25' title="bbox 67 2231 813 2306">
     <span class='ocr_line' id='line_1_25' title="bbox 67 2231 813 2306; baseline 0.001 -20"><span class='ocrx_word' id='word_1_147' title='bbox 67 2233 194 2306; x_wconf 90' lang='lat' dir='ltr'>quodque</span> <span class='ocrx_word' id='word_1_148' title='bbox 204 2234 279 2305; x_wconf 90' lang='lat' dir='ltr'>prius</span> <span class='ocrx_word' id='word_1_149' title='bbox 289 2232 387 2298; x_wconf 87' lang='lat' dir='ltr'>iuerat,</span> <span class='ocrx_word' id='word_1_150' title='bbox 408 2231 477 2286; x_wconf 81' lang='lat' dir='ltr'>latus</span> <span class='ocrx_word' id='word_1_151' title='bbox 486 2240 540 2286; x_wconf 89' lang='lat' dir='ltr'>est:</span> <span class='ocrx_word' id='word_1_152' title='bbox 562 2232 712 2305; x_wconf 88' lang='lat' dir='ltr'>mediisque</span> <span class='ocrx_word' id='word_1_153' title='bbox 723 2233 813 2288; x_wconf 87' lang='lat' dir='ltr'>carina</span> 
     </span>
    </p>

    <p class='ocr_par' dir='ltr' id='par_1_26' title="bbox 67 2308 691 2382">
     <span class='ocr_line' id='line_1_26' title="bbox 67 2308 691 2382; baseline 0.003 -20"><span class='ocrx_word' id='word_1_154' title='bbox 67 2308 175 2362; x_wconf 89' lang='lat' dir='ltr'>subdita</span> <span class='ocrx_word' id='word_1_155' title='bbox 185 2309 310 2382; x_wconf 84' lang='lat' dir='ltr'>navigiis,</span> <span class='ocrx_word' id='word_1_156' title='bbox 330 2309 422 2379; x_wconf 86' lang='lat' dir='ltr'>spinae</span> <span class='ocrx_word' id='word_1_157' title='bbox 433 2314 550 2362; x_wconf 88' lang='lat' dir='ltr'>mutatur</span> <span class='ocrx_word' id='word_1_158' title='bbox 560 2308 589 2363; x_wconf 93' lang='lat' dir='ltr'>in</span> <span class='ocrx_word' id='word_1_159' title='bbox 599 2326 691 2364; x_wconf 90' lang='lat' dir='ltr'>usum.</span> 
     </span>
    </p>

    <p class='ocr_par' dir='ltr' id='par_1_27' title="bbox 67 2381 701 2447">
     <span class='ocr_line' id='line_1_27' title="bbox 67 2381 701 2447; baseline 0.006 -13"><span class='ocrx_word' id='word_1_160' title='bbox 67 2381 133 2435; x_wconf 88' lang='lat' dir='ltr'>Lina</span> <span class='ocrx_word' id='word_1_161' title='bbox 145 2399 235 2436; x_wconf 87' lang='lat' dir='ltr'>comae</span> <span class='ocrx_word' id='word_1_162' title='bbox 244 2383 346 2447; x_wconf 79' lang='lat' dir='ltr'>molles,</span> <span class='ocrx_word' id='word_1_163' title='bbox 367 2391 496 2436; x_wconf 89' lang='lat' dir='ltr'>antennae</span> <span class='ocrx_word' id='word_1_164' title='bbox 505 2384 612 2438; x_wconf 87' lang='lat' dir='ltr'>brachia</span> <span class='ocrx_word' id='word_1_165' title='bbox 624 2385 701 2438; x_wconf 85' lang='lat' dir='ltr'>fiunt.</span> 
     </span>
    </p>

    <p class='ocr_par' dir='ltr' id='par_1_28' title="bbox 68 2454 866 2596">
     <span class='ocr_line' id='line_1_28' title="bbox 68 2454 813 2529; baseline -0.003 -19"><span class='ocrx_word' id='word_1_166' title='bbox 68 2454 206 2522; x_wconf 85' lang='lat' dir='ltr'>Caerulus,</span> <span class='ocrx_word' id='word_1_167' title='bbox 223 2464 253 2510; x_wconf 91' lang='lat' dir='ltr'>ut</span> <span class='ocrx_word' id='word_1_168' title='bbox 262 2456 355 2521; x_wconf 86' lang='lat' dir='ltr'>iuerat,</span> <span class='ocrx_word' id='word_1_169' title='bbox 371 2457 441 2512; x_wconf 82' lang='lat' dir='ltr'>color</span> <span class='ocrx_word' id='word_1_170' title='bbox 451 2466 499 2511; x_wconf 88' lang='lat' dir='ltr'>est.</span> <span class='ocrx_word' id='word_1_171' title='bbox 530 2457 813 2529; x_wconf 86' lang='lat' dir='ltr'>Quasqueantetime-</span> 
     </span>
     <span class='ocr_line' id='line_1_29' title="bbox 560 2533 866 2596; baseline -0.016 -10"><span class='ocrx_word' id='word_1_172' title='bbox 560 2533 635 2596; x_wconf 83' lang='lat' dir='ltr'>bant,</span> <span class='ocrx_word' id='word_1_173' title='bbox 828 2541 866 2582; x_wconf 82' lang='lat'>555</span> 
     </span>
    </p>

    <p class='ocr_par' dir='ltr' id='par_1_29' title="bbox 68 2601 613 2677">
     <span class='ocr_line' id='line_1_30' title="bbox 68 2601 613 2677; baseline 0 -19"><span class='ocrx_word' id='word_1_174' title='bbox 68 2601 127 2658; x_wconf 88' lang='lat' dir='ltr'>illas</span> <span class='ocrx_word' id='word_1_175' title='bbox 136 2601 266 2677; x_wconf 82' lang='lat' dir='ltr'>virgineis</span> <span class='ocrx_word' id='word_1_176' title='bbox 276 2614 398 2662; x_wconf 87' lang='lat' dir='ltr'>exercent</span> <span class='ocrx_word' id='word_1_177' title='bbox 407 2605 513 2662; x_wconf 89' lang='lat' dir='ltr'>lusibus</span> <span class='ocrx_word' id='word_1_178' title='bbox 526 2606 613 2660; x_wconf 87' lang='lat' dir='ltr'>undas</span> 
     </span>
    </p>

    <p class='ocr_par' dir='ltr' id='par_1_30' title="bbox 67 2677 781 2753">
     <span class='ocr_line' id='line_1_31' title="bbox 67 2677 781 2753; baseline -0.001 -21"><span class='ocrx_word' id='word_1_179' title='bbox 67 2677 164 2733; x_wconf 87' lang='lat' dir='ltr'>Naides</span> <span class='ocrx_word' id='word_1_180' title='bbox 174 2696 327 2750; x_wconf 78' lang='lat' dir='ltr'>aequoreae,</span> <span class='ocrx_word' id='word_1_181' title='bbox 348 2683 518 2753; x_wconf 88' lang='lat' dir='ltr'>summisque</span> <span class='ocrx_word' id='word_1_182' title='bbox 527 2681 554 2736; x_wconf 98' lang='lat' dir='ltr'>in</span> <span class='ocrx_word' id='word_1_183' title='bbox 566 2678 701 2733; x_wconf 90' lang='lat' dir='ltr'>montibus</span> <span class='ocrx_word' id='word_1_184' title='bbox 710 2683 781 2731; x_wconf 84' lang='lat' dir='ltr'>ortae</span> 
     </span>
    </p>

    <p class='ocr_par' dir='ltr' id='par_1_31' title="bbox 68 2751 772 2825">
     <span class='ocr_line' id='line_1_32' title="bbox 68 2751 772 2825; baseline -0.006 -15"><span class='ocrx_word' id='word_1_185' title='bbox 68 2752 147 2810; x_wconf 88' lang='lat' dir='ltr'>molle</span> <span class='ocrx_word' id='word_1_186' title='bbox 157 2753 253 2808; x_wconf 79' lang='lat' dir='ltr'>[return</span> <span class='ocrx_word' id='word_1_187' title='bbox 263 2755 406 2823; x_wconf 88' lang='lat' dir='ltr'>celebrant,</span> <span class='ocrx_word' id='word_1_188' title='bbox 426 2774 474 2812; x_wconf 86' lang='lat' dir='ltr'>neo</span> <span class='ocrx_word' id='word_1_189' title='bbox 483 2773 527 2811; x_wconf 87' lang='lat' dir='ltr'>eas</span> <span class='ocrx_word' id='word_1_190' title='bbox 537 2772 585 2808; x_wconf 86' lang='lat' dir='ltr'>sua</span> <span class='ocrx_word' id='word_1_191' title='bbox 596 2753 679 2825; x_wconf 82' lang='lat' dir='ltr'>tangit</span> <span class='ocrx_word' id='word_1_192' title='bbox 688 2751 772 2824; x_wconf 82' lang='lat' dir='ltr'>origo.</span> 
     </span>
    </p>
   </div>
   <div class='ocr_carea' id='block_1_3' title="bbox 0 242 945 2940">
    <p class='ocr_par' dir='ltr' id='par_1_32' title="bbox 0 242 945 2940">
     <span class='ocr_line' id='line_1_33' title="bbox 0 242 945 2940; baseline 0 0"><span class='ocrx_word' id='word_1_193' title='bbox 0 242 945 2940; x_wconf 95' lang='lat' dir='ltr'> </span> 
     </span>
    </p>
   </div>
   <div class='ocr_carea' id='block_1_4' title="bbox 67 2826 756 2913">
    <p class='ocr_par' dir='ltr' id='par_1_33' title="bbox 67 2826 756 2913">
     <span class='ocr_line' id='line_1_34' title="bbox 67 2826 756 2913; baseline -0.007 -28"><span class='ocrx_word' id='word_1_194' title='bbox 67 2830 127 2885; x_wconf 90' lang='lat' dir='ltr'>Non</span> <span class='ocrx_word' id='word_1_195' title='bbox 139 2836 226 2884; x_wconf 87' lang='lat' dir='ltr'>tamen</span> <span class='ocrx_word' id='word_1_196' title='bbox 235 2829 345 2897; x_wconf 83' lang='lat' dir='ltr'>oblitae,</span> <span class='ocrx_word' id='word_1_197' title='bbox 366 2850 448 2904; x_wconf 88' lang='lat' dir='ltr'>quam</span> <span class='ocrx_word' id='word_1_198' title='bbox 459 2830 541 2885; x_wconf 89' lang='lat' dir='ltr'>multa</span> <span class='ocrx_word' id='word_1_199' title='bbox 550 2826 668 2913; x_wconf 78' lang='lat' dir='ltr'>pericula</span> <span class='ocrx_word' id='word_1_200' title='bbox 678 2843 756 2881; x_wconf 82' lang='lat' dir='ltr'>saevo</span> 
     </span>
    </p>
   </div>
  </div>
 </body>
</html>
