1874 2940
168 145 542 194 METAMORPHOSEON
560 147 630 192 LIB.
650 147 693 194 IV.
741 142 792 195 ''l'l

52 246 234 320 avulsumque
249 252 328 332 caput
337 245 429 319 digitis
438 245 573 318 complexa
583 248 699 301 cruentis

53 322 158 387 clamat
170 321 324 386 locomites,
341 322 733 393 opushaeovictorianostrum
743 331 793 380 est.

53 399 160 453 Nont
124 406 160 452 ort
161 398 204 450 ius
215 395 318 451 [rondes
327 397 450 450 autumni
462 395 558 482 frigore
569 403 647 450 tactas

54 489 163 543 1amque
173 469 241 525 male
250 471 387 525 haerentes
396 471 447 525 alta
457 471 526 541 rapit
536 470 627 525 arbore
636 479 745 541 ventus,
809 487 848 530 tto

53 564 136 618 quam
147 554 209 601 sunt
218 546 397 601 membrarum
391 546 532 600 manibus
542 545 642 617 direpta
653 546 783 604 nefandis

54 621 164 676 Talibus
173 621 302 692 exemplis
312 621 426 675 monitae
437 639 504 675 nova
515 638 588 674 sacra
598 621 774 692 frequentant,

54 704 167 769 turaque
175 696 252 763 dant,
274 705 431 768 sanctasque
440 694 531 752 uolunt
538 695 683 752 Ismenides
693 714 761 752 aras.

166 872 352 928 LIBER
397 871 686 936 QUARTUS.

54 984 95 1044 At
104 1007 157 1045 non
167 989 285 1046 Alcithoe
294 991 424 1048 lllrnveras
433 1009 506 1065 orma
516 999 604 1047 censet

55 1065 206 1135 accipienda
216 1066 273 1119 der
295 1065 341 1119 sed
351 1066 438 1120 adhue
448 1067 584 1120 temeraria
593 1067 727 1122 Bacchum

55 1138 457 1225 progeniemnegatesselovis
479 1157 617 1210 sociasque
626 1158 727 1196 sorores

57 1213 199 1282 impietatis
210 1213 297 1266 habet.
326 1215 434 1266 Festum
443 1212 574 1266 celebrare
583 1214 703 1269 sacerdos

56 1286 193 1340 immunes
202 1302 311 1371 operum
323 1285 436 1340 famulas
447 1286 622 1372 dominasque
630 1305 750 1354 suorum,
840 1305 850 1345 5

56 1368 160 1433 pectora
171 1359 239 1430 pelle
249 1361 310 1433 tegi
330 1360 442 1415 crinales
452 1360 554 1415 solvere
564 1362 651 1428 vrttes

56 1446 126 1491 serta
135 1435 229 1500 comis,
251 1436 375 1490 manibus
386 1435 536 1491 frondentes
549 1454 661 1492 sumere
666 1437 781 1514 thyrsos,

55 1512 183 1567 iusserat:
205 1517 230 1565 et
238 1528 345 1566 saevam
356 1510 418 1566 laesi
429 1510 483 1567 iore
494 1512 613 1567 numinis
623 1513 691 1568 iram

55 1587 214 1642 vat1crnatus
224 1595 287 1641 erat
317 1588 411 1642 Parent
422 1592 571 1660 matresque
581 1606 733 1662 nurusque

54 1663 172 1735 telasque
183 1670 208 1716 et
216 1661 341 1728 calathos
363 1662 511 1735 iniectaque
521 1681 602 1735 pensa
612 1673 757 1736 reponunt
825 1681 850 1722 to

56 1747 166 1810 turaque
175 1738 253 1793 dant
273 1739 461 1811 Bacchumque
469 1746 573 1804 vocant
593 1740 794 1812 Bromiumque,

546 1815 728 1886 Lyaeumque,

54 1887 274 1961 ignigenamque,
297 1895 440 1961 satumque
461 1887 570 1954 iterum,
595 1888 737 1961 solumque
754 1890 797 1945 hi-

546 1971 667 2018 matrem.

53 2034 166 2090 Additur
174 2036 217 2090 lus
226 2037 346 2110 Nyseus
367 2035 577 2108 indetonsusque
585 2039 737 2111 Thyoneus

55 2117 150 2164 etcum
159 2113 261 2166 Lenaeo
270 2111 383 2185 genialis
392 2112 507 2166 consitor
520 2129 596 2177 uvae,

55 2183 259 2257 Nycteliusque,
281 2185 443 2259 Eleleusque
460 2204 566 2258 parens,
587 2194 613 2240 et
629 2187 749 2250 Iacchus,
772 2194 797 2239 et

545 2261 639 2316 Euan:
825 2271 850 2313 15

55 2336 81 2384 et
90 2345 159 2400 quae
168 2339 297 2400 praeterea
306 2351 353 2406 per
363 2335 456 2390 Graias
467 2335 582 2404 plurima
592 2342 683 2407 gentes

56 2404 174 2470 nomina,
196 2405 284 2472 Liber,
304 2409 397 2464 habes.
426 2410 485 2463 Tibi
495 2426 567 2463 enim
578 2406 762 2462 inconsumta
754 2424 798 2461 ru

544 2490 636 2537 venta:

56 2562 85 2607 tu
96 2571 163 2625 puer
174 2560 306 2620 aeternus,
327 2565 356 2612 tu
367 2556 576 2612 formosissimus
587 2553 638 2608 alto

55 2629 215 2700 conspiceris
223 2629 310 2688 coeo:
331 2632 394 2703 tibi,
404 2650 497 2709 quum
504 2633 568 2688 sine
575 2627 827 2685 aerumnosus,
