1874 2940
179 145 556 193 METAMORPHOSEON
572 148 644 193 LIB.
663 149 707 195 111.
768 143 802 198 73

61 250 121 304 Nox
130 247 177 302 ubi
187 253 326 302 consumta
335 253 386 313 est3
407 245 509 302 Aurora
518 247 656 303 rubescere
664 249 752 321 primo
817 263 856 306 tou

33 351 37 362 x
61 330 193 394 coeperat:
215 338 339 395 exsurgo,
360 320 607 393 laticesqueinierre
617 331 732 379 recentes

13 443 14 446 η
61 399 198 462 admoneo,
219 405 389 468 monstroque
398 397 479 462 viam,
500 397 805 468 quaeducatadundes.

60 474 133 545 Ipse,
155 470 222 544 quid
231 489 294 526 aura
304 472 371 526 mibi
382 471 486 526 tumulo
496 473 630 543 promittat
639 473 673 528 ab
682 472 744 539 alto,

59 547 206 620 prospicio:
227 548 389 618 comitesque
398 563 471 611 voco,
491 555 632 619 repetoque
644 549 772 603 carinam.

60 623 251 687 Adsumusen,
272 622 362 694 inquit
371 622 502 676 sociorum
513 623 617 693 primus
627 621 767 694 Opheltes:
818 636 856 681 6⁰5

61 705 143 768 utque
151 704 236 768 putat,
256 697 382 768 praedam
392 696 494 752 deserto
504 705 596 751 nactus
607 698 718 771 inagr0,

60 773 179 846 virginea
189 789 303 844 puerum
313 772 387 826 ducit
395 789 441 842 per
452 771 536 827 littore
547 771 641 827 forme.

59 847 115 912 Ille,
135 865 208 902 mero
217 864 364 919 somnoque
373 847 472 920 gravis,
493 847 606 902 titubare
614 846 733 916 videtur3

59 922 251 994 vixquesequi.
262 921 355 993 Specto
360 921 460 976 cultum
467 920 800 996 faciemquegradumque:

60 996 98 1050 nil
108 997 161 1060 ibi,
183 996 256 1068 quod
265 997 334 1050 credi
344 1003 433 1067 posset
442 996 564 1062 mortale,
586 998 721 1053 videbam.
817 1010 856 1053 610

59 1072 95 1124 Et
103 1070 184 1134 sensi,
208 1078 233 1124 et
242 1071 299 1125 dixi
312 1072 404 1126 sociis:
426 1070 502 1136 Quod
513 1073 650 1126 numenio
662 1073 713 1127 isto

60 1160 168 1213 corpore
177 1145 220 1210 sit,
241 1144 349 1199 dubito:
370 1144 417 1198 sed
425 1156 532 1214 corpore
542 1162 642 1199 numen
654 1145 681 1199 in
692 1146 743 1201 isto
752 1156 800 1201 est.

61 1217 192 1288 Quisquis
201 1236 244 1281 es,
264 1217 387 1282 claveos,
409 1218 559 1288 nostrisque
570 1218 705 1272 laboribus
715 1220 800 1274 adsis:

61 1293 106 1346 his
119 1291 278 1363 quoquedes
288 1291 405 1344 veniam.
416 1320 454 1331 -
467 1291 517 1344 Pro
529 1290 684 1345 nobismitte
690 1295 800 1362 precari,

61 1368 152 1438 Dictys
163 1366 208 1429 ait,
230 1381 347 1436 quonon
358 1364 426 1419 alius
436 1365 609 1420 conscendere
619 1383 740 1423 summas
817 1380 855 1423 ele

62 1441 133 1497 ocior
141 1446 284 1505 antennas,
303 1456 453 1513 prensoque
462 1439 572 1496 rudente
581 1439 673 1496 relabi.

62 1518 117 1571 Hoc
126 1515 220 1588 Libys,
241 1513 291 1569 boc
303 1513 398 1580 davus,
416 1532 509 1587 prorae
520 1515 608 1582 tutela,
628 1515 789 1583 Melanthus,

60 1591 110 1646 hoc
128 1591 222 1662 probat
238 1588 408 1646 Alcimedon:
433 1599 472 1657 et,
491 1591 540 1664 qui
555 1591 729 1664 requiemque
744 1611 804 1650 mo-

590 1668 711 1739 dumque

60 1757 124 1796 voce
133 1740 213 1796 dabat
221 1740 315 1806 remis,
337 1741 487 1796 animorum
500 1741 763 1813 hortatorEpopeus:

60 1816 111 1871 hoc
121 1834 215 1872 omnes
224 1814 279 1871 ulii.
310 1816 736 1888 Praedaotamcaecacupidoest.
818 1829 856 1872 620

60 1892 119 1946 Non
131 1898 219 1946 tamen
230 1891 300 1945 hanc
308 1908 383 1946 sacro
392 1890 484 1946 violari
494 1891 608 1962 pondere
618 1893 714 1963 pinum

59 1967 198 2038 perpetiar,
218 1965 290 2021 dixi:
311 1984 373 2040 pars
382 1966 502 2021 bicmihi
513 1967 629 2021 maxima
640 1967 716 2022 iuris.

60 2043 144 2112 Inque
153 2041 225 2096 aditu
236 2040 346 2097 obsisto.
377 2042 453 2096 Furit
461 2042 655 2096 audacissimus
664 2041 739 2098 omni
800 2062 803 2071 ·

61 2115 214 2172 denumero
222 2116 358 2188 Lycabas:
378 2115 441 2188 qui,
461 2117 781 2188 Tuscapulsusaburbe,

61 2190 197 2255 exsilium,
215 2189 273 2245 dira
282 2190 393 2261 poenam
404 2192 547 2262 proceeds,
568 2191 666 2246 luebat.
818 2202 856 2245 625

61 2264 88 2317 Is
97 2263 174 2329 mihi,
195 2263 260 2318 dum
270 2273 347 2331 resto,
371 2265 597 2339 iuveniliguttura
608 2283 700 2340 pugno

61 2338 147 2408 rupit:
168 2344 194 2391 et
202 2355 345 2394 excussum
355 2340 472 2395 misisset
483 2341 510 2395 in
524 2359 647 2412 aequora,
665 2342 688 2395 si
700 2358 754 2395 uon

61 2411 217 2476 haesissem,
238 2415 474 2484 quamvisamens,
494 2416 522 2470 in
535 2415 599 2470 fune
608 2423 735 2471 retentus.

98 2487 183 2559 Impia
197 2487 274 2542 turbe
287 2490 382 2560 probat
394 2489 502 2545 factum.
532 2492 601 2545 Tum
615 2490 731 2560 denique
740 2489 804 2543 Bac-

592 2565 672 2627 chus,
846 2631 895 2666 Q

62 2635 188 2711 (bacchus
198 2636 271 2693 enim
280 2635 387 2714 suetan)
395 2636 485 2696 ueluti
492 2636 736 2694 elamoresoxmus
