1874 2940
124 131 175 186 186
306 137 337 184 Ρ.
362 135 490 184 ovmn
508 134 674 184 NASONIS

67 240 107 290 445
121 235 172 290 Cui
181 232 275 306 procui
284 234 413 309 Aegides,
434 235 510 290 Ome
520 237 588 291 mihi
597 237 694 303 carior,
713 234 815 308 inquit,

120 326 184 381 pare
194 309 300 367 animae
311 309 425 366 eonsiste
434 326 520 363 meae:
541 308 784 368 lioeteminuseeee

122 381 253 441 fortibus:
273 383 477 443 Aneaeenocuit
485 386 623 439 tamenne
632 389 729 442 virtus.

122 458 210 515 Dixit:
232 468 259 517 et
270 467 356 517 aerata
365 457 441 513 torsit
450 472 531 528 grave
543 461 653 527 cuspide
663 479 762 518 cornu:

124 552 180 608 quo
189 535 368 597 beralitate,
388 530 496 601 votique
506 536 610 598 potente
619 531 719 599 tuturo,

69 614 109 663 444
124 610 228 667 obstitit
235 607 354 667 medea
362 603 504 660 imndesus
515 601 549 655 ab
558 602 651 657 arbore
660 622 763 664 ramus.

124 679 383 743 Misitetiasonides
392 675 525 732 iaculum:
545 674 618 748 quod
627 683 810 743 casusabillo

124 762 218 825 vertit,
241 766 266 814 et
275 758 304 812 in
313 759 434 809 mentum
443 751 502 826 figit
511 750 645 822 latrantis;
663 758 703 818 et,
725 754 798 811 inter

125 833 339 894 itinerandum,
357 825 451 882 tellure
459 845 507 900 per
516 827 562 884 ilia
571 826 657 882 fixum
668 831 718 881 est.

125 905 160 961 At
169 923 266 962 manus
275 900 391 959 Oenidae
400 903 498 960 veriat:
519 903 665 975 missisque
672 900 788 969 duabus,

70 985 110 1034 445
125 979 202 1036 hasta
210 980 283 1053 prior
291 984 369 1044 terra,
390 978 479 1036 medie
487 980 558 1035 stetit
566 978 647 1034 altera
655 985 737 1053 terge.

124 1055 180 1111 Nee
201 1070 289 1111 mara:
309 1052 376 1108 dum
398 1056 496 1122 saevit,
523 1055 589 1111 dum
609 1070 718 1184 egerpera
736 1065 829 1112 versat
849 1062 879 1118 in

594 1147 624 1186 or
658 1148 696 1195 m,

126 1203 334 1279 stridentemque
344 1225 413 1265 novo
421 1223 546 1281 spumam
556 1221 619 1261 cum
629 1203 760 1278 sanguine
769 1203 878 1281 iundit3

126 1279 246 1337 vulneris
256 1290 347 1340 aueter
355 1284 442 1340 adest:
463 1283 621 1354 hostemque
630 1279 715 1335 irritat
724 1276 758 1335 ad
767 1279 853 1354 iram3

127 1353 320 1430 splendidaque
330 1359 454 1416 adversos
463 1355 596 1414 venabula
604 1355 695 1412 cendit
704 1355 733 1410 in
741 1372 843 1412 umes.

72 1435 112 1485 444
127 1427 233 1487 Gaudia
241 1437 370 1489 testantur
379 1434 444 1491 socii
454 1433 568 1489 elamore
577 1430 708 1499 seeund03

126 1504 316 1580 victricemque
326 1516 420 1579 petunt
429 1508 536 1562 dextrae
547 1507 709 1580 coniungere
718 1505 857 1564 dextram:

127 1578 329 1654 immanemque
337 1582 419 1638 feram
430 1578 515 1635 multa
524 1579 618 1635 tellure
627 1579 755 1636 ineentem

127 1653 257 1712 mirantes
264 1663 398 1730 spectant:
420 1671 506 1726 neque
516 1653 604 1710 adhue
613 1655 765 1729 contingere
773 1661 867 1712 tutum

128 1745 187 1786 esse
196 1738 305 1803 putant;
327 1730 374 1785 sed
386 1727 437 1785 tela
447 1737 536 1785 temen
545 1747 595 1784 sua
606 1730 724 1802 quisque
732 1738 861 1786 cruentat.

73 1810 113 1858 445
129 1805 189 1876 {pse
197 1806 265 1878 pede
274 1806 489 1878 impositueaput
500 1803 634 1860 exitiabile
642 1805 753 1877 pressit:

128 1887 209 1952 atque
218 1881 269 1950 ita,
289 1881 371 1936 Sume
380 1881 432 1935 mei
443 1878 575 1951 spolium,
595 1879 738 1946 Nonacria,
759 1878 836 1944 iuris,

129 1953 208 2022 dixit,
229 1954 772 2029 etinpartemvenietmeagloriatecum.

128 2029 255 2087 Protinus
265 2032 385 2097 exuvies,
406 2030 501 2103 rigidis
513 2031 645 2087 horrentia
655 2030 717 2085 setis

129 2111 217 2180 terge,
237 2107 296 2173 dat,
317 2115 343 2162 et
351 2106 458 2180 magnis
468 2105 586 2180 insignia
594 2105 719 2161 dentibus
728 2122 783 2161 ora.

74 2186 115 2235 444
129 2179 172 2235 Illi
183 2180 296 2238 laetitiae
304 2190 345 2238 est
357 2199 419 2236 eum
432 2199 542 2236 munere
554 2180 675 2237 muneris
683 2187 783 2237 auctor.

129 2256 322 2328 Inviderealii3
342 2264 449 2328 totaque
458 2264 514 2312 erat
522 2256 629 2330 agmine
638 2272 772 2311 murmur.

129 2331 153 2386 E
164 2333 275 2406 quibus,
295 2333 398 2405 ingenti
407 2332 545 2387 tendentes
556 2331 666 2386 brachia
674 2348 747 2397 veae,

130 2407 274 2482 Poneage,
296 2424 344 2463 nee
353 2405 445 2462 titulos
455 2405 592 2477 intercipe,
613 2404 722 2471 femina,
744 2411 860 2471 nusum,

132 2481 289 2539 Thestiadae
297 2481 429 2538 clamant:
450 2497 499 2535 nee
512 2487 538 2535 te
549 2479 647 2535 fiducia
655 2480 755 2536 formae

77 2557 118 2610 435
132 2555 254 2630 decipiat,
276 2575 310 2614 ne
321 2557 357 2613 sit
366 2556 444 2632 longe
453 2555 502 2610 tibi
511 2562 604 2627 captus
614 2573 703 2611 amore

130 2639 237 2690 auctor:
257 2640 284 2690 et
294 2632 616 2698 huieadimuntmunus,
635 2631 679 2687 ius
694 2626 816 2683 muneris
829 2628 882 2686 illi.
