1874 2940
107 115 157 169 484
302 120 331 165 Ρ.
350 118 477 166 ovum
494 118 660 165 NASONIS

105 221 198 286 fertur,
217 217 615 276 utexcussiselisusnubibusi
653 220 687 274 is.

52 304 91 353 tto
105 296 237 352 Sternitur
246 294 357 351 insursu
366 310 476 350 nemus:
496 300 522 348 et
529 311 597 366 prop
626 292 796 368 sofrogorem

106 370 175 428 silva
184 370 238 428 dut.
266 368 556 426 Exohmontiuvenes:
576 376 748 442 protentaque
758 369 823 427 iorti

106 445 158 503 tela
167 445 371 510 tenentium,
391 442 672 499 lutovibmntiaferro.

107 521 227 588 meruit,
247 518 402 594 spargitque
410 533 499 585 cenes,
519 519 675 591 utquisque
687 517 786 575 furenti

107 597 208 653 obstet:
229 591 505 667 etobliquolatrsntes
514 592 700 666 dissipetietn.

54 679 93 727 335
108 672 206 744 Cuspis
216 668 344 726 Echionio
352 667 473 739 primum
481 675 597 725 eontorte
607 667 703 725 lseerto

108 745 247 810 venatui,
267 751 414 814 trunooque
422 741 495 798 dedit
504 742 561 801 leve
570 741 671 800 vulnus
681 760 786 800 eoorno.

107 819 246 885 Proxime,
266 818 291 874 si
301 817 392 873 nimiis
401 817 530 874 mittentis
539 818 702 875 viribususu

88 934 90 939 -
109 913 164 952 non
174 893 248 961 foret,
268 892 297 949 in
308 899 380 967 tergo
389 892 448 950 vise
457 899 497 949 est
507 893 621 950 haesura
630 894 725 967 petito:

109 969 217 1045 longius
226 969 270 1025 iit:
291 976 381 1025 auctor
390 966 435 1023 teli
444 969 592 1044 Pagasaeus
605 970 692 1025 lason.
932 991 935 1021 a

56 1056 94 1100 333
109 1046 226 1112 Phoebe,
246 1043 283 1101 sit
290 1042 466 1119 Ampycides,
486 1044 686 1117 siteooluiquo,
706 1042 835 1118 coloque,
933 1034 936 1101 i

109 1119 233 1188 dumibi,
254 1119 326 1194 quod
335 1121 442 1193 potitur,
462 1127 531 1177 oerto
539 1119 690 1194 eontingere
698 1118 758 1176 telo.
934 1130 936 1150 ·

110 1195 168 1264 Qua
178 1196 274 1269 potuit,
289 1195 488 1270 preoibusdeus
498 1195 602 1252 annuit.
622 1194 736 1250 lotusnb
746 1192 794 1250 illo
803 1205 855 1265 est,
934 1227 937 1267 ῃ

109 1271 156 1329 sed
165 1272 225 1329 sine
233 1272 358 1338 vulnero,
378 1288 455 1343 oper:
475 1270 631 1344 ferrumque
639 1269 722 1325 Diana
734 1269 837 1327 volenti
935 1275 937 1338 ff

110 1347 254 1404 abstulerat
264 1346 364 1403 iaculo:
385 1346 491 1421 lignum
500 1347 560 1403 sine
568 1345 692 1402 acumine
701 1344 783 1401 veuit.
936 1347 937 1358 ¹

57 1433 95 1477 335
110 1421 208 1477 leniori
218 1428 290 1476 moto
298 1429 352 1476 est:
373 1437 422 1475 neo
431 1420 546 1476 fulmine
554 1419 642 1476 lenius
652 1420 730 1475 arsit:

111 1496 206 1550 emicet
215 1512 249 1549 ex
258 1494 343 1549 oeulis
352 1494 624 1566 spiratqueepectore
634 1494 764 1551 flammas.

110 1569 198 1639 thue
207 1566 279 1624 volnt
287 1567 380 1632 moles,
401 1566 514 1625 adducto
523 1570 624 1625 concita
636 1587 727 1635 nervo,

110 1659 197 1716 quum
206 1642 272 1715 petit
280 1648 326 1695 ant
336 1658 440 1708 munos,
463 1649 509 1698 ant
517 1642 610 1715 plenas
621 1644 705 1701 milite
713 1652 816 1716 turres3

111 1719 140 1773 in
152 1717 263 1773 iuvenes
272 1717 394 1771 vastosio
402 1717 500 1790 impete
509 1717 653 1775 vulnificus
666 1737 715 1776 sus

57 1804 96 1848 333
110 1793 208 1849 fertur:
229 1789 631 1868 etEupaIemonPelegonoque,
648 1794 739 1850 dextra
750 1803 855 1852 tuentes

111 1885 224 1932 cornua,
243 1866 394 1938 prosternit.
424 1865 614 1940 Sociirapuere
624 1870 748 1926 iacentes.

111 1943 146 1999 At
155 1959 210 1996 non
220 1939 334 1996 letiferos
343 1940 603 2016 offugitEnoesimus
612 1944 681 1998 ictus

111 2017 289 2089 Hippocoonte
298 2022 382 2072 sutus.
396 2018 590 2090 Trepidantem,
602 2026 627 2074 et
636 2026 709 2094 tergo
718 2025 858 2093 potentem

110 2099 221 2157 vertere,
240 2092 344 2148 succiso
353 2090 488 2165 liquerunt
496 2094 595 2167 poplite
604 2096 690 2150 nervi.

58 2177 96 2222 335
111 2167 233 2225 Forsitan
242 2174 268 2223 et
277 2165 371 2298 {plius
380 2167 444 2223 eitra
454 2168 567 2226 Troiana
575 2170 688 2242 perisset

111 2253 278 2317 tempora:s
321 2251 410 2299 sumto
418 2246 503 2316 posita
512 2245 791 2311 conamineebhuste‚

111 2319 213 2377 arboris
223 2318 337 2384 insiluit,
358 2336 427 2391 quoe
436 2320 522 2377 stabat
530 2321 662 2394 proximo,
682 2320 780 2376 ramis:

111 2394 299 2468 despexitque,
321 2392 378 2449 loeo
387 2401 475 2462 tutus,
496 2414 578 2469 quem
589 2394 700 2469 ingeret,
720 2396 838 2452 hostem.

112 2470 241 2525 Dentibus
252 2468 297 2525 ille
306 2468 379 2525 ferox
388 2469 417 2524 in
427 2487 528 2543 querno
537 2471 627 2543 stipite
636 2471 706 2525 tritis

60 2555 99 2599 333
114 2545 236 2599 imminet
248 2545 337 2612 exitio,
358 2545 497 2618 fidensque
509 2545 660 2602 recentibus
669 2545 752 2601 ermis

105 2618 259 2694 Othqodee
270 2620 363 2698 magni
373 2627 457 2679 rostro
468 2621 555 2678 femur
563 2621 654 2676 hausit
662 2621 777 2675 ednnoo.
