1874 2940
169 128 545 187 METAMORVPHOSEON
562 134 631 178 LIB.
651 135 706 179 XII.
750 129 801 183 287

57 228 183 304 Cyllaron
191 245 246 282 una
255 235 334 284 tenet.
348 226 443 284 Cultus
452 246 569 301 quoque.
581 240 698 302 quantus
708 235 736 288 in
747 233 801 290 illis

56 321 115 361 esse
124 310 209 375 potest
219 303 362 373 memhris;
382 312 412 359 ut
420 305 455 358 sit
463 321 539 359 ooma
548 305 651 374 pectine
661 307 741 363 levis:

57 388 88 435 ut
98 377 176 434 modo
186 396 244 434 rore
253 379 345 445 maris,
366 379 594 434 modosaviolave
603 397 696 437 rosave
815 392 854 438 410

57 452 191 527 implicet:
212 453 346 509 interdum
356 454 479 510 canentia
487 452 543 508 lilia
552 461 649 527 gestet:

56 529 154 600 bisque
165 528 208 583 dia
221 527 302 599 lapsis
313 529 458 602 Pagasaeae
467 528 562 584 vertioa
572 527 656 585 silvae

57 602 322 669 sontibusoralavat,
342 603 385 659 bis
395 602 507 659 flumine
515 621 624 676 corpore
633 604 731 677 tingat:

58 695 122 742 neo,
142 678 195 735 nisi
205 694 274 749 quae
283 677 401 745 deceant,
422 679 617 752 electarumque
626 678 751 745 ferarum,

57 752 235 818 annumero,
255 752 385 809 eutiateri
394 755 546 826 praetendat
554 754 651 811 vellera
662 754 745 812 laevo.
813 762 854 809 415

57 831 109 885 Par
117 845 191 882 amor
199 834 239 882 est
248 825 316 884 illie:
338 837 426 885 errant
436 831 464 885 in
473 831 610 886 montibus
619 849 683 895 una,

57 910 133 959 antra
143 901 225 957 simul
236 901 368 964 subeunt;
389 912 414 958 et
424 912 481 960 tum
490 906 628 977 Lapitheia
638 913 704 962 tecta

58 980 188 1033 intrarant
195 977 302 1048 pariter,
322 978 483 1049 paritoriam
493 979 563 1035 bella
574 981 709 1052 gerebant.

57 1052 300 1108 Auctorininoerto
310 1059 363 1107 est:
384 1051 502 1107 iaculum
511 1054 544 1107 de
551 1061 625 1124 parte
635 1055 744 1110 sinistra

57 1126 141 1193 venit,
161 1133 187 1182 et
196 1125 321 1192 inferius,
342 1125 583 1198 quaoollopeotora
596 1128 721 1193 subsunt,
817 1139 855 1185 tto

58 1200 171 1276 Cyllene,
192 1201 299 1257 refixit:
319 1217 403 1272 parvo
411 1218 456 1257 eor
464 1201 574 1257 vulnere
583 1201 685 1257 laesum

57 1293 166 1348 corpora
174 1293 236 1332 eum
247 1283 300 1331 toto
308 1284 369 1347 post
378 1275 428 1330 tela
437 1276 530 1332 educta
540 1274 651 1331 refrixit.

58 1352 182 1408 Protinus
191 1349 339 1425 Hylonome
348 1359 489 1407 morientes
500 1351 597 1423 exeipit
606 1358 692 1406 artus:

58 1426 237 1500 impositaque
245 1443 328 1482 manu
338 1424 439 1482 vulnus
451 1426 531 1493 fovet,
550 1443 649 1498 oraque
659 1425 692 1481 ad
703 1444 750 1482 ora

58 1501 192 1568 admovet,
209 1508 289 1575 atque
299 1499 403 1557 animae
412 1499 524 1577 fugienti
534 1503 660 1559 absistere
672 1509 763 1558 tentat.
815 1510 854 1558 425

58 1576 92 1632 Ut
100 1576 173 1633 videt
181 1577 352 1643 exstinctum,
371 1576 462 1644 dietis,
480 1577 787 1651 quaeolamoradaures

58 1652 286 1718 arouitiremeas‚
309 1652 369 1718 telo,
390 1654 461 1724 quod
472 1654 619 1711 inhaeserat
628 1653 677 1717 illi,

58 1727 197 1784 incubuit:
209 1728 380 1799 moriensque
389 1746 471 1783 sunm
476 1727 798 1799 complexamaritumest.

58 1801 224 1860 Antenoulos
234 1809 286 1857 stat
294 1809 319 1856 et
328 1801 374 1856 ille
384 1819 470 1867 meos,
491 1803 539 1875 qui
549 1819 613 1856 sene
623 1800 731 1858 leonum

59 1878 180 1934 vinxerat
189 1876 432 1934 interseoonnaxis
443 1876 538 1933 vellera
551 1875 638 1943 nodis,
816 1885 855 1932 tao

58 1952 242 2021 Phaeooomea,
256 1952 446 2025 hominemque
454 1951 536 2008 simul
544 1959 677 2024 protectus
686 1969 803 2026 equum-

626 2046 650 2086 a.

59 2098 313 2173 Codioequimisso,
334 2102 544 2176 quemvixiuga
553 2045 626 2159 biiii1
627 2113 764 2160 moverent

59 2172 163 2238 iuncta,
183 2175 723 2249 Phonolenidenasummovertieofragit.

59 2247 151 2301 Fracta
160 2246 416 2323 volubilitasnoapitis
426 2252 568 2308 latissima:
589 2267 737 2324 perqueos,

58 2337 246 2393 perquaeavaa
256 2341 333 2379 nares
345 2325 488 2400 oculosque
500 2343 630 2398 auresque
640 2324 777 2380 oerebrum
815 2329 854 2375 435

59 2393 220 2452 mollessnit:
242 2397 325 2454 veluti
334 2409 485 2458 concretum
495 2401 596 2458 vimine
604 2415 707 2471 querno

60 2468 100 2525 lae
110 2470 187 2540 solet;
209 2479 272 2527 utve
281 2471 368 2544 liquor
378 2476 430 2530 rari
439 2477 491 2531 sub
501 2475 617 2548 pondere
625 2472 706 2526 cribri

59 2554 158 2614 manat,
179 2554 204 2603 et
213 2548 371 2620 exprimitur
379 2567 426 2621 per
435 2551 517 2605 densa
526 2547 654 2604 foramina
664 2545 778 2617 spissus.

59 2621 108 2680 Ast
116 2641 173 2700 ego,
194 2622 491 2700 dumparathiearmia
499 2622 763 2681 nunaroiuuenmm,
