1874 2940
106 125 121 178 d
274 132 302 176 Ρ.
323 130 450 177 OVIDII
468 131 637 176 NASONIS

105 231 191 285 sidera
202 237 345 302 coeperunt
353 237 406 285 tcto
416 229 560 305 fulgescere
568 230 649 286 coelo.

105 307 164 360 Neu
174 305 246 378 regio
257 304 321 360 ieret
330 304 386 359 ulia
395 305 453 361 suis
462 304 624 360 animalibus
634 306 708 370 orba,

105 387 174 434 astra
185 386 273 434 tenent
281 379 391 435 coeleste
403 378 501 445 scium,
522 379 675 452 formaeque
685 380 811 437 deorum:

105 461 240 508 cesserunt
252 454 344 509 nitidis
354 453 513 509 habitandae
521 454 641 526 piscibus
651 454 753 510 undae:

51 538 77 581 75
105 535 173 583 tarra
184 527 252 585 ieras
262 529 344 600 cepit:
365 527 487 584 volucres
496 527 631 603 agitabilis
642 531 696 584 aar.

105 601 227 657 Sanctius
237 603 281 656 bis
293 601 403 667 animal,
424 604 575 675 mentisque
583 603 707 675 capacius
716 601 785 658 altae

105 675 192 730 deerat
201 675 297 741 adhuc,
317 684 343 731 et
351 676 424 748 quod
432 676 563 732 dominari
574 678 602 732 in
612 685 712 733 caetera
721 686 821 750 posset.

105 750 189 804 Natus
199 750 280 805 homo
289 757 337 816 est,
358 752 415 806 sive
424 752 497 807 bunc
507 751 600 808 divino
609 752 711 808 semine
720 751 782 808 iecit

104 823 149 879 ille
158 823 248 895 opifex
257 842 356 891 rerum,
378 826 473 881 mundi
483 826 696 901 melioriscrigc:

51 909 76 951 80
105 899 162 953 sive
172 915 263 954 recens
273 898 362 966 tellus,
383 900 544 974 seductaque
555 900 744 974 nuperabaltc

105 973 217 1038 aethere,
238 975 342 1047 cognati
354 975 481 1030 retinebat
489 976 593 1031 semina
602 975 682 1046 coeii,

104 1065 187 1120 quam
197 1056 271 1103 satus
281 1049 378 1121 Iapeto,
400 1050 507 1105 mistam
518 1049 772 1116 fluvialibusundis‚

104 1123 182 1180 finxit
191 1124 219 1179 in
230 1122 345 1200 effigiem
355 1124 540 1181 moderantum
550 1134 644 1181 cuncta
653 1126 773 1180 deorum.

104 1199 243 1275 Pronaque
252 1217 339 1275 quum
349 1209 469 1274 spectant
478 1199 605 1258 animalia
613 1207 712 1255 caetera
721 1206 829 1264 terram,
903 1272 906 1277 Ι

50 1285 74 1326 85
103 1291 133 1329 cs
141 1277 244 1332 bomini
254 1276 371 1333 sublime
380 1277 465 1334 dedit:
486 1275 644 1347 coelumque
655 1272 743 1330 videre

103 1348 191 1414 iussit,
211 1359 345 1406 eterectos
355 1353 389 1406 ad
401 1353 488 1408 sidera
498 1351 587 1408 tollere
596 1348 698 1405 vultus.
900 1402 904 1419 ,

103 1418 156 1482 Sic,
177 1422 256 1474 medo
264 1440 333 1492 quae
342 1423 427 1478 iuerat
436 1425 511 1480 rudis
519 1432 546 1478 et
554 1424 613 1476 siue
622 1423 748 1492 imagine,
769 1420 850 1476 tellus
900 1456 904 1481 t

87 1522 89 1526 ι
106 1491 194 1545 induit
205 1493 309 1563 ignotas
320 1493 463 1550 hominum
471 1510 598 1551 conversa
613 1495 723 1563 figuras.
898 1490 912 1599 1

140 1563 227 1618 Aurea
236 1565 323 1635 prima
336 1573 391 1620 sata
400 1574 440 1621 est
449 1575 529 1630 aetas,
550 1580 629 1635 quac,
649 1564 850 1638 vindicenullt),
900 1602 903 1607 -

50 1649 75 1692 tu
104 1646 198 1709 sponte
210 1655 269 1703 sua,
290 1637 426 1713 sineiege,
447 1638 529 1693 fidem
540 1642 695 1706 rectumque
704 1635 815 1694 colebat.
898 1634 918 1687 ἕ.

104 1715 189 1768 Poena
199 1719 340 1784 met-usque
350 1713 472 1781 aberant3
494 1728 541 1766 nec
552 1709 631 1767 verba
640 1711 768 1767 minantia
783 1715 837 1773 fixo
914 1704 919 1783 Ι

104 1804 162 1842 aere
171 1787 341 1861 legebantur:
362 1805 411 1842 nec
418 1785 533 1858 supplex
544 1786 621 1843 turba
635 1785 744 1842 timebat

104 1862 200 1916 iudicis
213 1879 259 1917 ora
268 1862 326 1917 sui:
347 1861 394 1916 sed
404 1862 546 1919 erantsine
556 1862 713 1919 iudicetuti.

103 1936 231 1992 Nondum
241 1953 316 1991 caesa
325 1935 397 2003 suis,
418 1938 590 2012 peregrinum
600 1938 847 2006 utviseretcrbem,

50 2022 75 2064 95
103 2011 251 2076 montibus,
274 2011 302 2065 in
315 2009 432 2084 liquidas
439 2012 521 2084 pinus
531 2014 701 2070 descenderat
710 2012 815 2069 undas:

104 2084 233 2156 nullaque
242 2085 376 2153 mortales,
396 2095 499 2160 praeter
508 2106 567 2155 sua,
588 2087 673 2144 litttra
687 2095 790 2144 norant.

103 2158 229 2215 Nondum
239 2162 395 2232 praecipites
407 2163 550 2236 cingebant
559 2162 656 2234 oppida
667 2161 766 2218 fossae:

104 2251 156 2289 nou
167 2234 231 2289 tuba
241 2234 343 2302 directi,
364 2255 418 2292 non
428 2238 496 2293 aeris
505 2254 605 2293 cornua
617 2235 688 2301 flexi,

104 2326 158 2364 non
173 2308 273 2382 galeae,
295 2313 506 2367 nonensiserat.
536 2311 599 2366 Sine
609 2309 703 2364 militis
713 2327 765 2365 usu

50 2393 92 2436 tto*
104 2381 195 2437 mollia
206 2400 313 2440 securae
322 2387 483 2460 peragebant
492 2388 544 2442 otia
553 2392 655 2460 gentas.
805 2455 808 2460 ¹

104 2457 164 2528 Ipsa
175 2475 283 2530 quoque
293 2459 434 2527 immunis,
454 2469 592 2532 rastroque
602 2460 713 2524 intacta,
729 2469 810 2512 necui

105 2532 195 2586 saucia
205 2535 369 2602 vomeribus,
389 2553 437 2608 per
449 2553 478 2590 se
491 2536 571 2591 dabat
580 2534 670 2591 omnia
680 2531 773 2587 tellus:

95 2607 273 2678 contentique
282 2611 358 2679 cibis,
381 2611 584 2689 nullocogente,
605 2609 710 2675 creatis,
