1904 2940
131 160 133 164 '
180 157 702 205 ΜΕΤΑΜ·017ΡΗο8ΕοΝΙ,ΙΒ.Π.
780 155 811 206 49

71 258 175 326 Quanto
184 256 362 330 splendidion'
377 274 457 329 quam
468 264 566 311 caetera
576 255 672 323 sidera,
693 256 777 332 fulget
815 258 817 262 ’

55 332 190 401 'Lucifer3
211 340 237 386 et
248 341 438 404 quanto,quam
453 331 566 396 Lucifer,
587 349 665 387 aurea
675 332 791 403 Phoebe;

72 416 144 464 tanto
153 407 304 481 virginibus
313 407 486 478 praestantior
495 407 622 462 omnibus
633 407 712 461 llerse

72 478 137 547 ibat,
158 490 265 553 eratque
274 481 355 536 decus
364 498 476 553 pompae
485 483 666 553 comitumque
679 498 800 539 suarum.
828 495 867 540 rat

73 556 219 628 Obstupuit
228 556 379 612 lormalove
389 564 481 611 natus:
503 565 528 611 et
538 556 640 610 aethere
650 556 768 626 pendens

74 649 128 687 non
138 648 214 686 secus
223 631 330 696 exarsit,
342 647 424 702 quam
435 648 519 703 quum
531 630 659 685 Balearica
671 629 813 702 plumbum

75 705 240 773 lundaiacit3
261 704 333 760 volat
343 704 419 770 illud,
440 714 466 760 et
476 705 636 760 incandescit
645 705 741 771 eundo,

75 790 100 835 ct
112 798 181 852 quos
193 798 245 836 non
256 779 360 846 habuit,
381 781 433 835 sub
445 781 563 835 nubibus
575 780 686 846 inuenit,
707 780 793 855 ignes.

76 856 159 911 Vertit
169 857 231 922 iter3
253 854 378 928 coeloque
388 855 453 926 petit
462 855 565 909 diversa
577 853 679 910 relicui:
830 868 869 913 teu

77 948 124 985 nec
134 948 162 985 se
171 928 337 985 dissimulat:
360 928 704 985 tantaestliducialormae.
815 937 818 942 ’

75 1005 149 1072 Quae
158 1022 325 1079 quamquam
335 1005 404 1059 iusta
414 1011 468 1070 est,
492 1021 556 1061 cura
569 1012 655 1132 tarpen
667 1004 774 1061 adiuvat
783 1005 817 1062 il·

616 1097 670 1144 am,

75 1151 275 1224 permulcetque
283 1169 389 1216 comas,
409 1150 646 1225 chlamydemque,
666 1160 696 1206 ut
705 1153 817 1224 pendeat

607 1234 674 1296 apte,

78 1296 195 1363 collocat,
216 1304 246 1351 ut
256 1297 357 1352 limbus
366 1304 504 1370 totumque
514 1308 637 1369 appareat
646 1316 756 1356 aurum:

77 1378 108 1425 ut
118 1379 184 1425 teres
195 1371 222 1426 in
231 1371 332 1437 dextra,
352 1389 406 1444 qua
416 1391 524 1429 somnus
532 1373 641 1428 ducitet
649 1382 726 1441 arcet,
831 1388 871 1433 775

77 1445 153 1519 virga
163 1446 208 1511 sit,
229 1453 259 1500 ut
269 1446 345 1501 tersis
356 1447 455 1503 niteant
468 1447 558 1503 talaria
568 1447 677 1519 plantis.

78 1522 141 1574 Pars
152 1529 249 1576 secreta
260 1521 358 1576 domus
368 1523 445 1578 ebore
455 1531 481 1577 et
490 1523 622 1578 testudine
632 1522 718 1579 cultos

77 1604 130 1650 tres
142 1595 236 1651 habuit
244 1596 389 1653 thalamos:
409 1615 526 1670 quorum
538 1607 577 1665 tu,
598 1599 742 1666 Pandrose‚
754 1599 819 1657 dex·

607 1683 689 1739 trum,

78 1743 208 1818 Aglauros
219 1743 339 1813 laevum,
360 1747 479 1802 medium
492 1747 644 1819 possederat
653 1751 742 1804 llerse.

78 1819 151 1885 Quae
162 1820 246 1875 tenuit
257 1820 372 1887 laevum,
393 1823 541 1878 venientem
552 1824 638 1894 prima
650 1823 750 1878 notavit
833 1833 872 1879 777

79 1895 250 1961 Mercurium,
269 1914 419 1969 nomenque
428 1896 470 1952 dei
481 1897 598 1953 scitarier
608 1916 671 1953 ausa
684 1906 732 1964 est,

79 1976 104 2023 et
113 1986 235 2024 caussam
245 1971 385 2027 adventus.
415 1972 465 2027 Cui
479 1972 519 2026 sic
530 1973 664 2044 rospondit
673 1972 786 2027 Atlantis

79 2043 252 2117 Pleionesque
263 2064 358 2118 nepos:
378 2047 435 2122 Ego
444 2065 516 2112 sum,
536 2049 583 2119 qui
596 2048 667 2102 iussa
679 2066 724 2120 per
733 2065 812 2103 auras

79 2120 158 2173 verba
168 2120 250 2190 patris
259 2130 350 2192 porto:
370 2131 443 2193 pater
452 2130 492 2177 est
501 2122 566 2177 milri
578 2123 676 2194 Iupiter
687 2123 752 2196 ipse,

31 2218 32 2221 ¹
80 2193 241 2266 Necsrngarn
251 2212 373 2252 caussas:
396 2204 425 2251 tu
437 2205 538 2252 tantum
548 2197 599 2252 fida
611 2197 694 2254 sorori
833 2206 872 2251 tls

80 2283 138 2321 esse
149 2267 225 2334 velis,
245 2270 382 2343 prolisque
392 2289 464 2326 meae
473 2280 608 2327 matertera
618 2271 681 2327 dici.

80 2343 160 2396 Herse
169 2360 263 2398 caussa
272 2345 331 2401 viae
341 2354 394 2401 est:
415 2345 738 2402 faveasoramusamanti.

81 2415 200 2488 Adspicit
210 2417 281 2474 huno
291 2421 373 2475 oculis
384 2421 478 2489 isdem,
498 2422 598 2493 quibus
607 2421 695 2476 abdita
705 2436 790 2494 nuper

81 2489 183 2546 viderat
192 2490 321 2565 Aglauros
329 2494 412 2550 flavae
421 2503 518 2550 secreta
526 2496 672 2551 Minervae:

81 2581 184 2637 proque
193 2567 340 2625 ministerio
349 2572 439 2643 magni
453 2571 505 2625 sibi
514 2570 640 2641 ponderis
650 2587 747 2626 aurum
834 2580 874 2622 757]

81 2640 210 2712 postulat:
232 2642 328 2700 intem
339 2642 413 2701 tectis
424 2643 551 2702 excedere
559 2645 644 2721 cogit.

112 2723 185 2781 Ovrn.
201 2727 229 2784 T.
241 2730 275 2787 ll.
712 2727 744 2782 ἲ)
