1874 2940
150 109 182 162 46
340 112 369 158 1².
390 112 518 159 0v1n11
535 113 703 160 ussoms

149 212 245 268 edidit:
255 209 330 266 haud
338 209 422 278 aliter,
433 228 516 283 quem
523 228 619 284 quum,
628 219 761 284 spectante
770 213 893 276 iuvenca,

150 287 269 342 lactentis
278 285 370 351 vituli,
391 285 728 352 dextralibrntusnbnure‚

95 373 135 418 625
149 368 266 431 tempora
278 359 404 415 discussit
413 360 483 415 clero
492 378 556 416 esve
567 361 678 416 malleus
689 362 752 415 ictu.

150 435 184 490 Ut
193 443 281 489 temen
291 434 408 506 ingratos
418 435 446 488 in
459 442 563 505 pectora
573 434 757 490 fuditodores:

81 465 134 549 s
150 516 176 564 et
184 508 256 563 dedit
265 507 415 579 amplexus,
435 509 588 580 iniustaque
604 507 675 563 iusta
683 507 799 636 puppii:

151 601 204 639 non
215 582 314 637 tulitin
327 583 428 636 cineres
441 582 494 637 lsbi
504 601 554 637 sun
563 582 685 638 Phoebus
694 600 725 637 eo
757 599 800 636 em

151 657 267 712 semina:
288 655 335 710 sed
346 663 438 711 netum
449 655 564 711 flammis
573 664 701 728 uteroque
709 657 826 726 parentis

97 743 136 788 ⁶30
151 731 262 802 eripuit;
282 729 437 803 geminique
449 729 509 786 tulit
518 730 642 786 Chironis
651 731 681 785 in
691 738 808 785 antrum.

152 804 360 876 sperantemque
369 805 421 858 sibi
432 821 485 859 non
495 802 576 858 inlsae
585 805 701 876 praemis
712 804 820 878 liuguae

152 879 221 934 inter
230 895 292 933 aves
302 876 376 931 aibas
386 877 468 931 vetuit
477 878 613 933 considere
622 895 743 935 corvum.

188 950 299 1006 Semifer
309 951 407 1004 interea
416 951 523 1006 divinae
533 953 623 1023 stirpis
636 951 746 1008 slumno

152 1026 314 1093 laetusemt;
336 1024 467 1096 mistoque
474 1025 547 1079 oneri
557 1026 689 1098 gaudebat
697 1027 805 1083 honore.

98 1113 137 1157 635
150 1102 218 1156 Eone
228 1099 301 1156 venit
308 1099 395 1154 rutilis
405 1099 530 1155 humeros
538 1108 653 1172 protecta
661 1101 764 1172 cupillis

153 1175 207 1231 filie
217 1175 356 1232 Centauri:
377 1191 459 1247 quam
468 1175 604 1247 quondum
614 1176 740 1250 Nympha
750 1174 879 1240 Chariclo,

151 1250 271 1306 fluminis
281 1251 310 1306 in
319 1249 404 1322 rapidi
415 1250 481 1321 ripis
491 1250 579 1317 enixa,
599 1251 704 1307 vocavit

152 1325 300 1398 Ocyrhoiin.
330 1324 462 1382 Nonhaec
472 1332 801 1396 arteseontentspnternas

152 1400 291 1452 edidicisse
300 1397 364 1451 tuit:
385 1397 499 1453 futorum
509 1416 602 1454 arcana
612 1400 731 1453 canebat.

98 1478 137 1525 tto
151 1472 222 1542 Ergo
231 1472 279 1524 ubi
291 1470 420 1525 vaticinos
429 1473 549 1542 cenoepit
558 1480 646 1526 mente
655 1471 766 1533 furores,

153 1542 316 1613 incaluitque
324 1539 382 1606 deo,
402 1544 613 1613 quemclausum
623 1543 861 1614 pecterehnbebrt;

152 1615 265 1686 adspicit
274 1613 412 1680 infantem,
433 1616 545 1688 Totique
553 1615 673 1670 salutifer
681 1615 739 1670 orbi

152 1705 324 1760 ereseepuer¹
346 1688 427 1744 dixit:
448 1689 666 1745 tibisemortslia
676 1704 754 1759 saepe

152 1781 260 1835 eorpora
270 1762 418 1818 debebunt:
438 1764 542 1819 suimus
551 1764 601 1818 tibi
611 1761 718 1818 reddere
727 1762 844 1816 ademtas

99 1846 139 1893 ute
153 1838 192 1893 ias
202 1839 267 1893 erit:
288 1836 369 1909 idque
380 1837 461 1893 semel
470 1837 512 1893 dis
522 1837 725 1912 indignantibus
734 1853 827 1919 susus,

152 1929 231 1985 pesse
240 1911 302 1966 dare
311 1912 360 1967 hoc
370 1911 467 1967 iterum
475 1911 582 1968 flamma
591 1911 763 1985 prohibebere
772 1911 855 1966 avite:

153 2003 222 2058 eque
230 1985 279 2041 deo
289 2003 385 2058 eorpus
395 1987 443 2042 fies
453 2004 597 2060 exsangue,
616 1987 745 2057 deusque,

153 2061 202 2132 qui
212 2059 290 2116 modo
298 2077 395 2132 eorpus
404 2078 477 2116 erus:
497 2062 573 2116 ethis
582 2068 628 2115 tua
638 2059 689 2114 fatu
699 2059 821 2114 novabis.

153 2136 322 2207 Tuquoque,
342 2143 493 2207 cumpater,
517 2153 571 2191 non
581 2136 635 2190 ism
644 2132 773 2200 mortalis,
787 2140 812 2188 et
824 2131 881 2187 sevi

100 2221 139 2264 65⁰
154 2209 280 2265 omnibus
290 2216 320 2263 ut
328 2226 446 2275 mensas,
469 2208 783 2282 naseendilegeorentus,

154 2301 232 2356 posse
241 2283 309 2338 mori
319 2285 411 2355 cupies
424 2291 497 2350 tum,
516 2301 602 2356 quum
612 2282 762 2338 cruciabere
770 2282 844 2337 diras

154 2358 286 2432 sanguine
295 2359 439 2430 serpentis,
458 2376 505 2431 per
515 2358 605 2413 saucia
614 2357 732 2411 membra
741 2362 858 2427 recepto:

154 2439 233 2504 teque
243 2450 276 2487 ex
285 2441 390 2488 aeterno
398 2433 541 2503 patientem
551 2432 664 2486 numius
674 2432 766 2487 mortis

155 2506 282 2562 efficient:
305 2507 475 2579 triplicesque.
483 2508 546 2562 deae
556 2514 601 2560 tua
611 2505 654 2560 fila
664 2504 804 2560 resolvent.

81 2585 128 2623 655
139 2578 476 2657 Restohetmtisniiquid:
497 2582 615 2656 suspiret
624 2581 657 2636 ab
666 2580 729 2635 imis
