1874 2940
171 131 543 180 METAMORPHOSEON
561 134 631 178 ΜΒ.
651 133 706 179 XV.
758 129 802 180 361

68 234 141 292 unda
151 234 194 289 die
203 233 289 308 gelida
299 240 351 288 est:
372 234 619 305 ortuqueobituque
629 235 742 290 calescit,
825 249 863 294 31⁰

68 310 191 367 Admotis
200 308 367 365 Athamantis
376 308 454 380 aquis
466 309 605 365 aooendere
615 307 720 382 lignum

70 392 201 450 narratur,
222 384 350 440 minimos
358 401 443 457 quum
452 384 529 440 Luna
538 384 645 439 reoessit
654 385 683 439 in
696 385 782 441 orbes.

69 459 184 516 Flumen
193 459 292 515 habent
303 459 422 527 Cicones,
442 458 514 532 quod
522 465 615 532 potum
624 476 703 515 saxea
713 461 798 516 reddit

70 535 180 601 visoere,
201 533 274 607 quod
283 534 357 588 tectis
367 533 469 589 inducit
478 551 609 589 marmora
619 534 709 591 rebus.

70 609 175 666 Crethis
185 616 211 666 et
221 609 265 664 hio
274 608 393 682 Sybaris.
412 610 510 664 nostris
519 609 700 666 oonterminus
710 612 775 676 oris,
825 623 863 666 atr

71 683 275 741 eleetrosimiles
284 682 385 740 faciunt
394 701 513 758 auroque
521 683 640 757 capillos.

71 758 201 832 Quodque
209 759 296 834 magis
309 760 419 826 mirum,
438 770 503 818 sunt
512 762 561 836 qui
571 777 624 816 non
633 777 740 834 eorpora
752 768 811 816 tnn—

601 844 669 904 tum,

71 906 603 977 verumenimosetiemveleantmume,
625 912 751 986 liquores.

72 981 121 1038 Cui
131 997 185 1034 non
194 978 284 1032 audite
293 984 334 1032 est
342 978 487 1034 obseoenae
495 983 624 1038 Sulmonis
633 988 730 1053 undae,

71 1054 265 1124 Aethiopesque
275 1048 367 1107 lacus?
385 1068 453 1124 quos
462 1052 486 1108 si
495 1054 559 1124 quis
570 1054 693 1112 faucibus
703 1063 802 1128 nonsit,
828 1075 867 1118 ato

72 1138 118 1188 eut
125 1127 199 1194 furit,
218 1127 372 1200 autpatitur
380 1127 480 1182 mirum
490 1129 618 1201 gravitate
629 1147 759 1202 soporem.
799 1156 801 1160 ⁸

72 1205 179 1263 Clitorio
187 1204 343 1278 quicunque
351 1201 545 1259 sitimdetonte
554 1202 660 1269 levavit,

71 1282 135 1338 vine
143 1279 222 1355 fugit,
242 1279 393 1354 gaudetque
403 1279 484 1335 meris
493 1279 639 1334 abstemius
648 1277 743 1335 undis:

72 1374 120 1413 seu
130 1357 173 1414 vis
182 1364 223 1412 est
233 1356 263 1412 in
272 1373 342 1428 equa
351 1354 436 1411 ualido
444 1356 574 1411 eontraria
582 1354 654 1420 vino,

72 1433 138 1499 sive,
149 1431 223 1504 quod
231 1431 372 1505 indigenae
381 1439 537 1498 memorant,
547 1430 713 1506 Amythaone
723 1438 810 1494 natus,
828 1441 866 1486 325

73 1507 206 1564 Proetidas
215 1508 337 1563 attonitus
346 1515 489 1581 postquem
499 1525 547 1579 per
557 1524 664 1564 oarmen
672 1514 699 1562 et
706 1505 802 1562 herbas

72 1582 171 1654 eripuit
179 1581 271 1648 furiis,
290 1585 450 1657 purgamine
459 1583 556 1638 mentis
566 1584 595 1639 in
603 1582 663 1639 illas

72 1658 148 1712 misit
156 1675 256 1729 aquas:
276 1657 422 1730 odiumque
430 1658 496 1713 meri
505 1659 652 1729 permensit
663 1657 691 1711 in
701 1654 791 1711 undis.

73 1730 683 1815 fluicfluiteffeetudisporLynoestiusamnis‚
756 1803 761 1813 Ι

73 1803 783 1948 {³1{¹33⁰affittssiffiffmssssdnffssffffiffisssstss‘'
829 1815 868 1858 ³³⁰

72 1954 120 2009 Est
129 1951 202 2008 loeus
211 1949 345 2015 Arcadiae,
367 1950 490 2006 Pheneon
499 1949 590 2008 dixere
598 1952 708 2026 priores,

73 2028 207 2100 ambiguis
216 2033 356 2097 suspectus
364 2025 457 2098 aquis:
477 2030 744 2100 quasnootetimeto:

75 2108 350 2174 noctenoeentpotae:
370 2103 430 2157 sine
439 2119 508 2159 noxa
518 2102 576 2160 luce
585 2106 726 2162 bibuntur.

73 2175 117 2231 sio
126 2173 192 2229 elius
201 2173 321 2246 eliasque
330 2175 404 2232 lacus
413 2183 439 2232 et
447 2175 559 2235 flumina
568 2180 639 2236 vires
829 2168 867 2231 aas

73 2247 799 2398 fflssss‘offffissffl‘tfflt‘etssssssffifflg'ssdss‘

74 2399 208 2456 undarum
218 2340 324 2469 sperares
333 2398 523 2475 Symplegadas
532 2399 658 2456 elisarum
666 2418 673 2469 ;

75 2493 144 2548 quae
153 2491 226 2531 nuno
234 2473 359 2530 immotae
368 2483 493 2548 perstant,
514 2475 654 2547 ventisque
663 2474 799 2529 resistunt.

75 2552 138 2617 Neo,
159 2567 228 2624 quae
237 2548 363 2606 sulfureis
372 2551 446 2607 ardet
453 2549 615 2616 fornacibus,
635 2550 718 2605 Aetne
830 2555 869 2602 ato

75 2626 152 2698 ignea
162 2643 266 2698 semper
275 2627 337 2683 erit:
358 2627 526 2700 nequeenim
535 2624 586 2682 tuit
598 2627 675 2700 ignea
685 2639 798 2692 semper.
