1874 2940
207 143 584 191 METAMORPHOSEON
602 145 671 190 LIB.

103 248 204 301 Mutata
223 251 263 299 est
279 244 308 298 in
326 260 417 309 arem,
446 260 516 316 quaa
537 260 611 298 nuno
632 261 687 316 quo

641 337 693 374 aur¹

104 396 182 469 nigra
192 392 287 466 pedes;
309 392 393 467 nigris
401 391 486 448 velata
497 391 639 449 monedula
648 409 698 465 pan

105 471 203 526 Atrion
214 467 326 534 Oliaros,
346 467 526 542 Didymequc,
547 470 679 534 etTenos,
700 495 703 518 r

104 553 130 600 et
141 545 253 618 Gyaros,
274 542 426 616 nitidaeque
437 542 509 599 ferax
519 543 676 616 Peparethos
685 543 709 598 oi

106 618 251 676 Gnosiacas
264 618 446 674 iuvererates:
468 617 547 673 latere
557 618 619 674 inde
627 618 714 674 sinisti

105 693 252 766 Oenopiam
262 694 348 749 Minos
359 693 437 766 potit,
457 692 595 749 Amcidaia
605 711 697 781 regna.

105 769 251 841 Oenopiam
264 777 365 824 veteres
377 766 555 839 appellavere:
576 768 623 824 scd
633 786 692 842 ipss

105 846 208 900 Aeacus
217 843 346 918 Aeginam
355 842 492 917 genitricis
503 843 611 900 nomina
622 843 700 899 dixit.

106 919 196 973 Turba
205 919 267 982 ruit,
289 917 527 988 tantaequevirum
538 917 734 992 cognosceretur

107 992 215 1062 expetit.
245 991 395 1045 Occurrunt
405 989 443 1043 rili
454 990 647 1063 Telamonque,
668 996 739 1049 mino

107 1082 190 1136 quam
201 1063 342 1128 Telamon,
361 1063 468 1128 Peleus,
489 1071 515 1118 et
523 1065 610 1136 pmies
620 1068 693 1119 tertia
703 1067 741 1120 Ph

108 1141 169 1211 Ipse
178 1154 285 1210 quoque
293 1136 439 1210 egreditur,
460 1137 551 1191 tardam
561 1139 687 1210 gravitate
697 1156 749 1193 sen

108 1214 226 1270 Aeacus:
247 1218 272 1265 et
281 1227 351 1282 quae
361 1210 396 1264 sit
404 1210 528 1264 veniendi
538 1227 632 1265 caussa
641 1212 753 1281 requirit

109 1287 271 1345 Admonitus
282 1284 360 1356 patrii
370 1283 458 1338 luctus
470 1284 601 1356 suspirat,
621 1292 646 1339 et
656 1283 695 1338 iiii

109 1364 178 1418 dicta
189 1359 267 1415 refert
276 1366 358 1414 rector
368 1357 528 1430 populorum
538 1358 599 1414 talia
610 1365 732 1414 centum:

110 1439 192 1494 Arma
202 1435 279 1490 iuves
291 1452 337 1491 oro
346 1451 395 1506 pro
404 1440 485 1508 gnato
494 1441 597 1500 sumta,
616 1434 730 1508 piaeque

109 1530 171 1585 pars
182 1511 220 1566 sis
231 1510 354 1566 militiae:
375 1507 480 1565 tumulo
491 1509 582 1566 solatia
591 1527 681 1582 posco.

109 1589 177 1642 Huic
186 1585 346 1658 Asopiades,
366 1585 437 1641 Petis
446 1584 533 1651 irrita,
553 1585 634 1654 dixit,
655 1593 681 1641 et
689 1586 749 1642 urbi

110 1681 163 1718 non
174 1660 291 1718 iacienda
302 1678 389 1718 meae:
411 1660 578 1734 nequeenim
590 1661 756 1718 coniunctior
768 1679 785 1717 u

109 1736 259 1809 Cecropidis
269 1736 469 1794 haoesttolius:
490 1730 632 1792 eafoedera
643 1737 731 1792 nobis.

108 1812 203 1868 Tristis
212 1813 281 1878 abit,
302 1812 469 1883 stabantque
479 1811 526 1866 tibi
537 1818 582 1865 tua
592 1810 694 1866 foedera
705 1828 785 1885 magn

107 1888 190 1944 dixit:
211 1886 447 1943 etutiliusbellum
458 1893 534 1957 putat
544 1902 601 1940 esse
610 1886 717 1952 minari,

107 1981 189 2036 quam
199 1981 303 2037 gerere,
323 1969 403 2033 atque
411 1977 475 2015 sues
486 1959 522 2014 ibi
533 1976 751 2031 praeconsumere
761 1963 785 2018 vi

107 2037 207 2095 Classis
217 2038 251 2093 ab
261 2037 387 2108 Oenopiis
396 2034 550 2090 etiamnunc
559 2035 650 2109 Lyctia
660 2037 745 2092 muris

108 2111 219 2181 spectari
229 2120 340 2182 poterat,
362 2126 448 2182 quum
463 2107 540 2179 pleno
550 2111 650 2166 concita
661 2111 720 2167 valo

109 2185 193 2239 Attica
203 2186 302 2256 puppis
311 2185 398 2249 adest,
418 2184 756 2253 etportusintratamicos:

110 2274 180 2330 quae
189 2256 335 2327 Cephalum
343 2258 497 2329 patriosque
505 2256 587 2312 simul
599 2261 722 2315 mandata
732 2257 784 2310 iere

110 2329 239 2387 Aeacidae
249 2330 327 2403 longo
336 2332 446 2386 iuvenes
455 2338 514 2401 post
523 2339 640 2404 tempora
648 2335 739 2389 visum

111 2419 241 2479 agnovere
251 2411 339 2458 tamen
349 2403 511 2476 Cephalum,
531 2399 785 2476 dextrasquededeu

115 2482 193 2550 ‘nque
203 2478 285 2549 patris
295 2476 396 2532 duxem
405 2477 526 2533 domum.
556 2477 711 2551 Spectabilis
722 2472 785 2523 hero

121 2562 135 2609 a
146 2553 240 2608 veteris
251 2552 368 2608 retinens
377 2551 533 2611 etiamnum
539 2548 781 2627 ingnoratomae

126 2628 270 2770 regreditur,
292 2608 785 2709 ramumquctenenspoputar'xsot

160 2735 211 2772 rm.
231 2720 263 2778 T,
281 2721 322 2779 11,
