1874 2940
196 196 229 248 98
371 200 400 244 P.
421 196 549 244 0v1n11
565 197 732 244 NASONIS

195 300 356 371 Quodcaput
365 297 488 364 emoluit,
499 314 606 353 summo
616 304 657 352 666
664 297 787 353 inmonte
794 315 934 356 cacumen.

196 375 262 430 Ossa
271 374 338 446 lapis
348 374 425 430 liunt.
444 373 524 428 ·'l'um
534 379 622 445 partes
633 381 727 427 auctus
737 373 766 428 in
775 390 868 428 omnes

142 461 181 504 tto
195 449 277 504 crevit
289 449 318 503 in
329 449 492 504 immensum
511 447 550 502 aio
560 445 589 502 di
599 446 752 520 statuistiszl
772 453 797 502 et
806 464 886 503 omne

196 540 258 579 cum
269 530 305 578 tot
313 522 445 578 sideribus
455 539 500 578 coe
512 539 558 577 um
568 520 698 594 requievit
707 521 736 575 in
746 521 801 575 illo.

234 597 369 653 Clauserat
378 596 536 670 Hippotades
546 603 651 651 aeterno
659 611 761 650 carcere
770 603 876 653 ventos:

196 671 396 744 admonitorque
404 688 514 743 opomm
523 669 594 726 coelo
603 669 767 725 clarissimus
777 669 830 726 alto

196 745 301 801 Lucifer
311 754 385 801 ortus
394 752 458 800 erat.
488 745 586 800 Pennis
595 743 660 817 ligat
668 743 713 799 ille
721 745 846 800 resumtis

143 830 182 874 666
195 828 269 892 parte
278 820 312 874 ab
321 827 432 892 utraque
441 818 535 890 pedes,
555 818 659 890 teloque
666 819 812 893 accingitur
821 838 900 887 unco,

197 903 222 948 et
232 893 366 965 liquidum
376 894 454 948 motis
464 892 590 948 talaribus
600 895 659 947 aera
669 894 755 949 findit.

197 967 327 1024 Gentibus
337 967 485 1023 innumeris
493 967 649 1039 circumque
657 967 779 1040 infraque
788 967 894 1035 relictis,

196 1042 356 1112 Aethiopum
365 1040 477 1114 populos
486 1041 653 1113 Cepheiaque
662 1043 790 1115 conspicit
798 1061 869 1098 arva.

196 1116 253 1172 lllic
264 1117 423 1172 immeritam
433 1124 565 1172 maternae
574 1115 688 1188 pendere
697 1117 804 1191 linguae

143 1202 182 1247 616
196 1191 390 1248 Andromedam
400 1209 499 1265 poenas
508 1190 624 1248 iniustus
634 1191 747 1247 iusserat
761 1192 886 1249 Ammon.

196 1267 283 1335 Quam
292 1267 373 1324 simul
383 1269 416 1323 ad
426 1268 506 1324 duras
516 1266 651 1342 religatam
662 1267 768 1322 brachia
777 1277 866 1322 cautes

196 1341 264 1398 vidit
275 1343 448 1413 Abantiades;
472 1343 524 1400 nisi
535 1343 608 1416 quod
621 1343 686 1398 levis
697 1360 760 1397 aura
769 1342 878 1413 capillos

198 1426 327 1482 moverat,
348 1428 373 1473 et
382 1419 469 1490 tepido
480 1419 624 1474 manabant
632 1417 735 1472 lumina
744 1415 820 1485 ssetu3

197 1501 611 1564 marmoreumratusassetopue.
632 1492 723 1546 Trahit
732 1491 832 1545 inscius
842 1491 933 1563 ignes:

145 1573 184 1617 666
199 1572 224 1616 66
234 1571 336 1634 stupet3
356 1573 390 1630 et,
410 1568 483 1621 visae
493 1575 628 1636 correptus
640 1565 756 1636 imagine
765 1563 872 1628 formae,

197 1653 280 1707 paene
289 1653 352 1691 suas
361 1647 468 1708 quatere
477 1646 517 1692 est
524 1638 623 1693 oblitus
632 1640 661 1691 in
671 1640 729 1691 ae're
738 1653 849 1704 pennas.

197 1710 231 1764 Ut
242 1711 320 1774 stetit,
341 1709 373 1775 Ο,
394 1711 470 1776 dixit,
492 1709 821 1782 nonistiadignacatenis‚

197 1784 243 1839 sed
252 1784 352 1856 quibus
362 1785 429 1840 inter
440 1803 469 1840 se
477 1784 567 1856 cupidi
577 1785 726 1856 iunguntur
735 1789 866 1847 amantes;

198 1860 284 1931 pande
294 1860 437 1931 requirenti
452 1877 547 1916 nomen
557 1865 692 1929 terraeque
702 1864 845 1926 tuumque:

144 1943 183 1987 666
197 1941 223 1987 et
232 1949 279 1988 cur
288 1934 375 1989 vinela
385 1952 471 2009 geras.
491 1935 581 1989 Primo
590 1931 714 1986 siletilla:
735 1946 783 1983 666
792 1930 870 1985 audet

198 2006 328 2079 appellare
340 2009 429 2064 virum
438 2011 527 2082 virgo:
548 2008 727 2077 manibusque
736 2004 866 2061 modestos

197 2081 306 2136 66166666
315 2082 420 2150 uultus3
442 2085 465 2138 si
477 2102 529 2139 non
540 2081 647 2155 religata
656 2079 757 2135 fuisset.

198 2158 322 2222 Lumina,
345 2158 416 2228 quod
427 2159 520 2230 potuit,
545 2157 660 2211 lacrimis
670 2153 790 2226 implevit
798 2154 904 2212 obortis.

198 2231 308 2304 Saepius
319 2231 438 2298 instanti,
458 2250 507 2288 sua
520 2250 553 2286 ne
564 2231 657 2286 delicta
667 2231 742 2286 lateri

144 2317 183 2361 666
198 2306 268 2363 nolle
276 2306 416 2373 videretur,
437 2325 532 2364 nomen
542 2314 677 2378 terraeque
686 2323 828 2377 suumque,

198 2390 350 2455 quantaque
359 2391 491 2438 maternae
500 2381 578 2437 luerit
587 2382 682 2436 fiducia
692 2381 799 2447 formae,

199 2457 310 2530 indicat:
330 2465 363 2524 at,
385 2458 504 2513 nondum
515 2457 664 2512 memoratis
673 2457 812 2520 omuibus,
832 2455 905 2510 unda

199 2531 333 2588 insonuit:
352 2533 515 2606 veniensque
524 2533 654 2587 immenso
663 2531 740 2586 belua
750 2538 831 2603 ponto

199 2607 309 2676 eminet;
329 2615 356 2662 et
364 2607 446 2662 latum
456 2610 508 2664 sub
518 2615 619 2679 pectore
627 2607 744 2679 possidet
752 2622 858 2677 aequor.

143 2690 185 2733 666
199 2679 351 2737 Conclamat
361 2683 451 2758 virgo:
470 2682 702 2762 genitorlugubris
712 2690 738 2736 et
748 2697 802 2737 una
