1874 2940
136 112 185 166 366
321 115 351 161 Ρ.
374 114 500 162 ovmu
518 113 684 161 NASONIS

137 225 176 282 et,
198 211 271 287 quod
280 215 330 269 erit
339 216 440 280 iussus,
461 214 554 269 iubeas
564 211 734 278 lioetomuia,
756 213 814 270 fiet.

136 289 227 358 Quid?
253 287 530 362 quodamatisidem‘i
557 284 735 415 quod,lquae
744 289 797 346 tibi
810 308 891 363 poma

616 378 648 417 co
659 370 752 427 untur,

137 439 243 512 primus
253 438 342 503 habet,
363 436 483 509 laetaque
493 443 563 490 tenet
571 442 616 490 tua
626 452 738 490 munera
749 435 865 496 dextra?

138 513 189 568 Sed
202 530 288 585 neque
297 513 351 567 iem
364 511 449 567 foetus
459 510 590 566 desiderat
600 510 692 565 arbore
701 509 820 580 demtos,

85 599 124 643 tto
139 605 196 653 nec,
217 605 285 659 quas
296 586 389 641 hortus
399 586 455 652 alit,
474 603 536 641 cum
547 585 634 639 succis
649 583 762 640 mitibus
774 586 887 659 herbas3

139 661 356 734 necquidquam,
368 661 420 714 nisi
432 669 465 715 te.
477 661 601 714 Miserere
610 658 736 713 ardentis:
748 668 775 714 et
785 662 887 734 ipsum,

139 736 211 808 quod
221 737 295 806 petit,
316 751 360 788 ore
370 751 429 786 meo
438 742 602 803 praesentem
613 731 689 788 crede
698 737 820 803 precari:

139 809 293 879 ultoresque
303 805 379 870 deos,
398 815 423 859 et
431 815 534 877 pectora
544 807 611 863 dura
622 825 745 879 perosam

140 881 249 944 Idalien,
271 897 470 952 memoremque
478 882 541 936 time
552 881 746 937 Rhamnusidis
756 881 839 940 iram.

86 969 125 1012 att
140 956 253 1026 Quoque
262 954 348 1027 magis
358 972 460 1022 caveas,
480 956 586 1030 (etenim
597 957 665 1011 mihi
674 955 760 1012 multa
768 967 890 1016 vetustas

140 1030 208 1086 scire
218 1029 310 1104 dedit)
319 1028 428 1085 referam
439 1039 489 1086 tota
500 1032 638 1086 notissime
648 1030 737 1104 Cypro

140 1104 221 1172 facta,
242 1106 343 1177 quibus
352 1104 418 1160 flecti
429 1105 504 1160 taoile
514 1115 539 1159 et
549 1106 685 1160 mitescere
693 1105 792 1176 possis.

177 1181 284 1237 Viderat
293 1198 307 1234 a
318 1181 414 1235 veteris
422 1197 577 1253 generosam
588 1180 719 1253 sanguine
729 1180 825 1237 Teucri

141 1257 214 1328 lphis
224 1257 400 1321 Anaxareten,
421 1254 517 1309 humili
528 1254 561 1309 de
571 1254 653 1325 stirpe
664 1262 784 1325 creatus;

87 1342 126 1384 tot
142 1330 251 1395 viderat,
273 1338 298 1384 et
307 1331 367 1385 totis
377 1336 527 1401 perceperat
536 1329 643 1384 ossibus
655 1327 742 1400 ignes.

141 1406 322 1476 Luctatusque
332 1404 388 1469 diu,
409 1411 552 1476 postquam
562 1404 661 1458 ratione
670 1401 788 1459 furorem

142 1480 247 1534 vincere
257 1497 310 1533 non
320 1480 415 1549 potuit,
436 1478 551 1549 supplex
559 1478 592 1534 ad
603 1477 697 1533 limina
706 1478 794 1535 venit:

141 1560 167 1609 et
177 1552 256 1607 modo
265 1553 363 1607 nutrici
373 1554 502 1607 miserum
514 1551 652 1608 confessus
665 1569 793 1620 amorem,

142 1645 176 1684 ne
186 1627 238 1682 sibi
248 1626 314 1682 dura
326 1625 399 1692 foret,
421 1644 468 1698 per
476 1645 538 1698 spes
547 1628 632 1682 oravit
641 1627 781 1682 alumnae:

88 1714 127 1757 705
142 1712 167 1758 et
175 1703 254 1759 modo
263 1702 296 1759 de
306 1701 399 1759 multis
407 1701 544 1758 blanditus
553 1702 652 1774 cuique
661 1700 803 1768 ministris,

143 1778 253 1833 sollicita
263 1779 339 1849 petiit
349 1796 511 1851 propensum
522 1795 585 1834 voce
594 1777 722 1833 favorem.

143 1850 225 1921 Saepe
235 1852 340 1908 serendo
351 1854 423 1910 dedit
431 1854 537 1909 blandis
547 1871 596 1910 sua
608 1852 689 1908 verba
700 1847 819 1905 tabellis:

143 1925 276 1978 interdum
288 1927 407 1982 madidas
418 1928 588 1982 lacrimarum
600 1945 659 1982 rore
667 1942 777 1981 coronas

142 1997 265 2071 postibus
275 1996 396 2062 intendit,
417 2001 560 2071 posuitque
568 2001 596 2056 in
609 2001 701 2055 limine
710 1999 778 2056 duro

89 2085 129 2129 tto
144 2070 223 2128 molle
234 2068 313 2138 letus,
333 2072 456 2142 tristique
466 2090 539 2128 serae
548 2076 667 2131 convicia
677 2074 747 2130 iecit.

143 2148 251 2204 Saevior
261 2145 306 2202 ilia
317 2145 382 2202 ireto
392 2155 526 2220 surgente,
546 2149 703 2205 cadentibus
712 2146 820 2214 Hoedis,

143 2224 235 2280 durior
248 2230 273 2278 et
282 2222 359 2288 terro,
380 2221 453 2294 quod
464 2223 575 2279 Noricus
585 2225 709 2297 excoquit
719 2223 801 2297 ignis,

144 2306 170 2353 et
180 2317 258 2364 saxo,
279 2298 352 2370 quod
362 2298 449 2353 adhuc
458 2296 519 2352 viva
530 2299 616 2355 radice
625 2307 738 2364 tenetur,

144 2374 246 2441 spernit
254 2381 280 2427 et
290 2373 395 2440 irridot;
413 2371 546 2444 'tactisque
556 2375 705 2430 immitibus
715 2371 789 2427 addit

91 2455 130 2499 715
144 2447 224 2500 verba
235 2448 349 2519 superba
359 2447 447 2505 ferox:
467 2454 494 2503 et
507 2466 554 2522 spe
563 2466 672 2522 quoque
683 2445 788 2502 fraudet
797 2463 893 2502 aman·

626 2531 690 2576 tem.

137 2592 200 2649 Non
209 2592 272 2651 tulit
279 2594 424 2674 impatiens
438 2595 512 2678 longi
522 2605 654 2658 tormenta
663 2594 762 2653 doioris

220 2862 362 2900 Δ
