1874 2940
142 120 194 179 276
334 134 362 181 e.
382 136 511 185 ovrnrr
528 137 696 187 uasours

139 227 217 281 texit:
237 235 437 302 siopomenon
447 238 555 293 estdata
565 241 754 311 copiamortis.

137 297 296 375 Indignatur
304 323 398 363 amans
408 312 522 365 invitum
533 313 624 369 vivere
632 318 691 390 cogi
700 338 707 386 3

136 371 236 431 obstari
256 380 412 444 ueanimre,
434 385 529 436 misera
539 385 572 438 de
581 389 644 443 sede
654 393 757 449 volenti

137 449 220 506 exire.
272 459 336 523 ique
346 471 428 507 novas
437 454 556 509 humeris
566 476 733 521 assumserat
743 468 810 524 alas.

83 528 123 577 iio
137 523 269 582 subvolat:
280 532 359 597 atque
369 526 565 596 iterumcorpus
575 548 657 599 super
665 551 785 606 aequora
796 543 887 598 mittit.

137 598 232 656 Pluma
241 598 400 654 demessus.
412 599 612 652 Furirneaaoos:
624 603 708 669 inque
714 616 889 674 profundum

137 691 239 747 pronus
247 672 311 736 abit,
333 669 430 739 letique
439 671 509 722 viam
519 670 577 722 sine
587 669 640 719 {ina
649 679 772 730 retentat.

138 743 428 804 Fecitrmormaciem:
448 740 525 813 longa
535 738 681 791 internodia
691 756 817 814 crurum,

138 821 216 896 longa
226 824 313 875 menet
320 813 423 869 cervix:
444 821 523 888 caput
531 820 572 869 est
583 829 598 869 a
609 828 716 885 corpore
726 813 816 890 longa.

84 908 122 954 ras
136 897 241 968 Aequor
250 897 333 948 amat:
355 899 595 968 nomenquetanet,
606 889 669 966 quia
678 891 810 965 mergitur
820 897 884 959 ilio,

235 1064 399 1132 LIBER
433 1064 778 1134 nuonEclnlUS.

135 1179 254 1248 Nescius
264 1197 393 1252 assumtis
403 1197 525 1254 Priamus
535 1206 609 1271 pater
617 1195 733 1252 Aesacon
744 1192 792 1246 alis

136 1265 235 1332 Vim,
256 1265 377 1344 lugebat:
399 1274 504 1330 tumulo
513 1291 622 1346 quoque
634 1286 730 1327 nomen
740 1268 851 1325 habenti

137 1339 245 1397 inferias
253 1344 360 1401 dederat
368 1365 431 1402 cum
442 1347 568 1404 iratribus
579 1349 671 1401 Hector
683 1346 785 1398 inanes.

136 1414 224 1472 Defuit
233 1418 320 1477 officio
329 1422 430 1476 Paridis
439 1423 587 1493 praesentia
596 1420 674 1481 tristi,

136 1494 276 1564 postmodo
286 1497 334 1569 qui
344 1504 418 1568 rapta
429 1495 540 1569 longum
548 1511 610 1548 cum
620 1490 732 1559 coniuge
743 1488 846 1549 beilum

137 1566 263 1625 attulitin
273 1571 400 1641 patriam.
421 1571 624 1636 coniurataeque
632 1569 783 1633 sequuntur

137 1641 212 1699 mille
221 1651 300 1711 rates,
320 1645 461 1718 gentisque
471 1639 553 1696 simul
562 1653 704 1693 commune
714 1635 849 1714 Pelasgae,

137 1717 193 1774 Nec
201 1717 282 1774 dilata
292 1717 495 1793 ioretvindicta‚
516 1713 568 1769 nisi
580 1730 692 1786 aequora
702 1714 774 1768 saevi

138 1792 436 1858 inviaiecissentventi‚
456 1793 603 1863 Boeotaque
613 1789 691 1845 telius

83 1874 109 1918 iu
136 1862 233 1920 Aulide
241 1867 345 1938 piscosa
355 1885 457 1940 puppes
467 1865 595 1920 tenuisset
604 1866 696 1920 ituras.

136 1938 186 1992 Hic
194 1941 281 2010 patrio
289 1941 322 1999 de
331 1961 404 1998 moro
412 1942 467 1997 Iovi
478 1957 563 2011 quum
574 1958 647 1994 sacra
658 1945 812 2010 parassent;

136 2019 169 2067 ut
178 2021 256 2070 vetus
267 2018 384 2072 accensis
394 2015 531 2071 incanduit
542 2015 652 2088 ignibus
661 2030 716 2077 ara,

137 2104 243 2160 serpere
251 2091 401 2146 caeruleum
410 2091 493 2146 Danai
503 2089 592 2145 videre
604 2089 743 2144 draconem

137 2161 167 2218 in
197 2162 325 2231 lucanum,
346 2165 446 2236 coeptis
456 2181 524 2236 quae
533 2164 619 2220 stabat
628 2164 749 2236 proxima
759 2164 852 2220 sacris.

84 2249 110 2292 ia
138 2180 226 2295 Nidus
237 2247 292 2294 erat
301 2239 440 2296 volucrum
450 2240 493 2294 bis
502 2247 617 2311 quatuor
626 2241 718 2296 arbore
728 2256 848 2295 summa:

138 2310 881 2393 quassimui‚etmatremcircumsuadamnarolancem,

139 2387 267 2461 corripuit
276 2406 394 2460 serpens,
416 2389 546 2462 avidaque
555 2391 700 2448 recondidit
709 2390 778 2445 alvo.

139 2461 307 2535 Obstupuere
317 2481 424 2520 omnes:
446 2466 535 2521 atveri
545 2466 674 2538 providus
684 2482 771 2538 augur

139 2536 321 2607 Thestorides,
340 2541 495 2606 vincemus,
516 2543 565 2600 ait:
586 2542 706 2616 gaudete,
730 2537 843 2610 Pelasgi.

62 2621 96 2667 20
126 2611 210 2677 Troia
219 2613 313 2693 (Λήθη
332 2615 440 2680 sederit
450 2619 531 2677 nostri
542 2617 703 2688 moralonga
714 2613 820 2669 laboris.

205 2904 258 2911 *-
