1874 2940
140 152 174 205 22
328 156 358 201 P.
379 155 509 201 ovlnu
527 153 694 201 NASONIS

141 264 166 310 et
174 255 274 326 patitur
282 255 370 328 tangi,
391 271 473 326 seque
483 253 677 308 admirantibus
687 251 771 308 offert.

88 337 126 384 645
140 331 279 399 Decerptas
288 329 376 383 senior
384 335 536 400 porrexerat
544 326 659 382 Inachus
670 327 779 384 herbas:

142 402 187 457 illa
200 419 297 457 manus
308 402 410 467 lambit,
431 403 578 474 patriisque
587 401 631 455 dat
640 400 729 455 oscula
739 401 851 472 palmis3

142 494 190 533 neo
199 477 292 532 retinet
301 476 437 531 lacrimas:
457 483 491 541 et,
512 477 535 530 si
546 474 624 530 modo
634 475 714 530 verba
724 478 870 546 supersint,

142 560 198 606 oret
206 567 293 621 opem,
314 566 465 621 nomenque
476 567 557 605 sunm
568 565 701 620 casusque
710 547 845 620 loquatur.

143 625 239 679 Littera
249 641 298 695 pro
307 624 406 689 verbis,
427 641 510 696 quam
519 642 567 695 pes
574 625 602 677 in
615 621 726 694 pulvere
735 624 822 689 duxit,

89 711 128 752 555
142 698 260 769 eorporis
268 697 399 753 indicium
410 698 504 752 mutati
515 699 588 752 triste
596 697 707 769 peregit.

142 773 184 828 Me
195 772 338 828 misorum!
359 771 488 827 exclamat
501 779 574 843 pater
589 771 718 825 Inachus:
742 771 824 843 inque
839 788 886 846 ge-

620 845 717 899 mentis

143 919 279 983 cornibus,
299 925 325 973 et
334 919 425 973 niveae
434 919 553 989 pendens
564 918 665 974 nervice
675 918 811 984 iuvencae,

143 993 338 1049 Memiserumi
363 994 520 1067 ingeminat.
558 993 634 1047 Tune
653 1009 681 1046 es
699 994 820 1064 quaesita
839 1010 887 1064 per

621 1084 723 1133 omnes,

144 1148 213 1208 nata,
234 1139 412 1196 mihitsrras‘?
428 1141 469 1196 Tu
479 1157 531 1195 non
542 1139 648 1195 inventa
657 1149 759 1212 reperta

89 1228 128 1270 555
143 1215 230 1272 luctus
239 1233 297 1272 eras
307 1215 399 1273 levior.
429 1217 546 1272 Retices:
571 1232 618 1271 neo
627 1222 721 1271 mutua
734 1215 831 1271 uostris

143 1290 211 1345 dicta
221 1291 315 1360 refers3
336 1292 389 1348 etto
398 1300 502 1347 tantum
515 1291 631 1362 suspirie
641 1290 719 1344 ducis

143 1372 260 1435 pectore:
283 1366 410 1438 quodque
430 1384 516 1422 unum
526 1374 616 1437 potes,
637 1364 671 1418 ad
686 1380 745 1419 mea
755 1364 835 1419 verba
846 1379 887 1418 re-

378 1458 382 1465 ·
620 1455 667 1490 mu
687 1455 721 1490 rs.

145 1508 178 1562 At
187 1509 236 1562 tibi
245 1525 294 1580 ego
303 1508 414 1580 ignarus
424 1510 553 1563 thalamos
564 1455 707 1579 taedasqffro
715 1509 856 1577 parabam:

145 1598 260 1652 spesque
269 1580 321 1634 tuit
329 1582 420 1653 generi
429 1582 496 1633 mihi
506 1581 602 1650 primu,
623 1579 739 1634 secunda
749 1587 885 1650 nepotum.

92 1665 131 1708 555
145 1657 271 1727 Degrege
287 1653 419 1708 nunctibi
436 1653 478 1708 vir
497 1652 573 1707 etde
591 1669 671 1781 grgge
690 1659 769 1708 uatus
787 1652 888 1709 habeu-

642 1743 685 1782 us.

145 1801 199 1855 Neo
208 1799 285 1855 finire
294 1799 355 1856 licat
363 1808 449 1856 tantos
458 1800 525 1855 mihi
536 1808 619 1856 morte
628 1800 745 1856 dolores:

145 1873 192 1929 sed
201 1882 276 1930 nooet
285 1892 343 1930 esse
351 1875 446 1945 doum3
466 1874 657 1948 praeclusaque
666 1875 746 1930 ianua
756 1873 800 1930 leti

145 1955 282 2003 aeternum
292 1957 396 2005 nostros
406 1949 493 2004 luctus
503 1950 620 2005 extendit
628 1951 656 2005 in
666 1965 774 2004 esrum.

145 2020 219 2076 Talia
231 2028 391 2075 moerentem
401 2020 521 2076 stellatus
532 2022 673 2076 submovet
682 2019 782 2092 Argus,

92 2107 131 2151 555
145 2102 317 2166 ereptamque
325 2097 394 2168 patri
402 2098 507 2154 diversa
517 2097 546 2152 in
555 2115 654 2170 pascua
667 2103 756 2152 natam

146 2171 285 2226 abstrahit.
320 2172 380 2242 Ipse
389 2173 481 2243 procul
490 2174 588 2227 montis
597 2172 715 2227 sublime
724 2186 851 2226 cacumen

145 2253 268 2318 oocupat‚
289 2245 362 2301 undo
371 2247 466 2301 sedens
476 2255 563 2319 partes
572 2245 723 2318 speculetur
732 2244 760 2298 in
770 2260 874 2300 omnes.

132 2341 133 2345 ¹
183 2321 237 2376 Neu
246 2319 379 2391 Superum
393 2328 475 2376 rector
484 2321 553 2376 mala
563 2329 634 2377 tanta
648 2317 810 2375 Phoronidos
819 2317 889 2372 ultra

147 2391 214 2448 ferre
222 2402 320 2467 potest:
351 2403 593 2468 natumquevooat,
616 2411 696 2467 quem
708 2392 795 2448 lucida
810 2390 889 2463 partu

91 2478 132 2519 575
146 2467 231 2522 Pleias
244 2470 384 2526 enixaest:
410 2470 513 2542 letoque
522 2471 574 2537 det,
595 2471 716 2541 imperat,
736 2467 851 2541 Argum.

131 2539 369 2612 Parramoraest,
391 2544 581 2618 alaspedibus‚
602 2546 760 2619 virgamque
770 2540 871 2613 potenti

112 2612 302 2673 somniferam
313 2621 454 2680 sumsisse
464 2640 567 2690 manu,
586 2622 759 2699 tegimenque
766 2613 882 2688 oaniiiis.
