1904 2940
141 107 190 162 222
338 114 365 159 P.
386 112 512 160 OVIDII
529 113 695 160 NASONIS

88 225 127 269 666
141 221 203 268 utve
212 213 263 269 sub
274 212 417 268 adventum
426 213 550 287 spirantis
563 212 622 269 1666
629 213 729 269 Favoni

141 286 196 342 sole
205 286 370 354 remollescit,
390 306 459 361 quae
467 287 563 361 frigore
572 287 688 343 constitit
696 286 784 355 unda3

142 362 181 416 sic
189 361 306 417 lacrimis
315 370 452 418 consumta
461 363 518 417 suis
528 363 657 418 Phoebdia
665 360 757 436 Byblis

141 436 252 492 vertitur
263 435 410 503 insontem,
429 437 477 508 qui
488 454 560 491 nunc
571 453 679 510 quoque
687 434 807 492 vallibus
817 436 878 495 illi·

143 528 239 567 nomen
248 511 327 566 habet
335 510 471 576 dominae,
492 511 621 584 nigraque
630 511 682 566 suh
691 509 751 565 ilice
758 521 867 570 manat.

89 596 128 640 666
178 587 260 641 Fama
269 585 331 640 novi
340 592 447 640 centum
457 584 575 641 Cretaeas
585 584 693 641 forsitan
702 585 783 640 urbes

142 660 278 731 implesset
286 659 410 727 monstri3
431 656 455 713 si
464 676 518 714 non
527 658 655 714 miracula
664 676 749 732 nuper

142 732 234 805 Iphide
243 738 342 787 mutata
351 732 426 788 Crete
434 733 555 806 propiora
565 733 678 789 tulisset.

142 807 264 862 Proxima
274 807 404 862 Gnosiaoo
413 824 476 862 nam
485 807 620 880 quondam
629 807 847 876 Phaestinreoeno

142 879 282 954 progenuit
290 879 378 947 661166,
398 881 532 955 signatum
543 883 649 939 nomine
657 881 785 955 Ligdum,

89 966 128 1009 666
143 954 258 1028 ingenua
267 953 301 1009 de
308 954 386 1027 plebe
396 955 496 1012 virum.
524 957 682 1014 Necoensus
691 958 720 1012 in
730 957 777 1014 illo

143 1028 277 1085 nobilitate
286 1047 335 1085 sua
344 1031 440 1087 maior:
461 1030 697 1105 sedvitafidesque

142 1103 276 1176 inculpata
285 1103 349 1163 fuit:
368 1105 493 1180 gravidae
502 1107 551 1180 qui
560 1107 681 1182 coniugis
691 1123 768 1162 aures

142 1179 883 1255 vocibushismonuit,quumiampr0pepartusadessee

142 1253 215 1321 Quae
223 1272 333 1311 voveam
342 1255 395 1313 duo
404 1264 482 1313 sunt:
496 1258 607 1313 minimo
615 1264 646 1313 ut
654 1257 768 1313 relevere
775 1255 883 1331 6161666,-

90 1338 129 1383 676
143 1337 226 1402 utque
234 1347 334 1385 marem
343 1331 440 1402 parias.
469 1331 609 1389 Onerosior
618 1332 698 1388 616666
706 1349 764 1388 sors
775 1340 830 1388 est:

143 1405 246 1459 etvires
256 1406 372 1460 Fortuna
382 1413 468 1479 negat.
498 1405 575 1474 Quod
584 1407 730 1473 abominor,
748 1423 812 1480 ergo

143 1477 212 1532 edita
221 1476 286 1533 forte
295 1487 342 1534 tuo
350 1478 429 1534 fuerit
437 1481 460 1534 si
472 1478 570 1536 femina
579 1489 666 1553 partu,

143 1551 253 1622 (invitus
264 1552 374 1607 mando:
394 1553 487 1624 pietas,
507 1555 634 1629 ignosoe,)
644 1562 759 1611 necetur.

142 1624 261 1679 Dixerat:
281 1631 307 1679 et
316 1623 431 1680 lacrimis
440 1625 546 1682 vultum
556 1627 642 1683 lavere
650 1628 776 1700 profusis,

90 1711 129 1753 666
143 1706 198 1752 tam
210 1698 258 1771 qui
271 1698 422 1765 mandabat,
441 1716 524 1772 quam
533 1701 576 1755 cui
586 1700 709 1756 mandata
718 1703 860 1760 dabantur.

143 1773 290 1828 Sedtamen
300 1790 387 1844 usque
399 1791 479 1828 suum
488 1776 565 1829 vanis
575 1773 713 1829 Telethusa
723 1778 849 1832 maritum
943 1810 947 1821 ·

143 1847 264 1902 sollicitat
272 1848 405 1918 precibus,
424 1863 458 1902 ne
467 1865 542 1919 spem
554 1847 606 1903 sibi
615 1855 695 1918 ponat
705 1848 733 1901 in
743 1857 822 1902 arcto.

144 1921 218 1975 Certa
226 1938 275 1974 sua
286 1928 325 1974 est
334 1921 417 1993 Ligdo
426 1921 562 1976 sententia.
592 1919 816 1991 Iamqueferendo

143 1994 253 2049 vixerat
264 1993 309 2048 illa
317 2011 425 2066 gravem
435 2003 538 2051 maturo
545 1994 660 2067 pondere
670 1999 803 2059 ventrem

91 2080 129 2124 666
143 2085 229 2140 quum
238 2067 324 2123 medio
335 2070 417 2123 noctis
427 2070 520 2140 spatio,
539 2070 592 2125 sub
601 2067 717 2142 imagine
725 2066 822 2131 somni,

143 2141 248 2196 Inachis
257 2149 317 2197 6666
325 2149 423 2209 torum,
442 2161 539 2215 pompa
548 2144 669 2200 comitata
678 2159 823 2206 sacrorum,

144 2224 190 2272 666
201 2217 279 2282 stetit,
300 2225 347 2272 666
355 2217 413 2272 visa
422 2226 470 2273 est.
500 2221 604 2274 Inerant
614 2217 716 2273 lunaria
726 2215 804 2272 fronti

144 2310 251 2357 666666,
271 2309 333 2348 cum
343 2293 423 2365 spicis
436 2292 518 2350 nitido
527 2293 685 2349 flaventibus
693 2309 767 2359 auro,

144 2375 169 2422 et
178 2366 264 2441 regale
273 2366 368 2436 decus;
389 2385 451 2422 cum
460 2387 514 2440 qua
526 2368 632 2425 latrator
641 2365 754 2431 Anubis,

92 2453 130 2496 666
145 2450 287 2514 sanctaque
295 2443 426 2508 Bubastis,
445 2445 588 2517 variusque
598 2443 729 2500 ooloribus
738 2440 817 2513 Apis:

145 2517 460 2589 quiquepremitvooem‚
480 2518 615 2593 digitoque
624 2516 728 2573 silentia
737 2515 841 2582 suadet3

145 2592 277 2666 sistraque
286 2593 635 2667 erant‚nunquamquesatis
644 2589 878 2667 quaesitusOsiris,
