1874 2940
122 126 172 180 idd
318 130 346 177 Ρ.
367 128 493 176 ovum
510 131 676 178 NASONIS

120 231 216 288 Bellica
227 229 313 287 Pallas
322 230 405 301 adest,
425 239 451 286 et
459 232 571 305 protegit
578 230 671 306 aegide
679 230 801 287 fratrem:

120 307 339 380 datqueanimos.
368 305 523 363 Eratlndus
532 306 620 437 Mi}
638 323 729 378 quem,
750 305 854 364 flumin<

619 397 688 454 ange

122 454 200 523 edita,
221 456 343 513 Limnaia
352 455 444 513 vitreis
452 455 587 529 peperisse
595 455 647 510 sub
657 455 740 510 antris

121 531 245 600 creditur,
265 528 499 619 egreginsiormag
515 547 598 618 qnam
606 529 773 616 diviteeultu

68 615 94 659 50
121 605 757 755 ppppplastffipppppapptpdpppppppffihs
771 681 854 736 obibat

122 772 233 811 aureus:
254 754 482 811 ornabantadrnta
489 753 720 822 moniliaeollum3

122 836 148 883 et
157 828 277 884 madidos
285 827 394 902 myrrha
405 844 519 884 curvum
528 827 627 885 crinale
635 829 753 903 capillos.
846 852 849 857 ·

122 900 169 957 Ille
181 902 289 974 quidem
298 899 384 958 iaeulo
392 903 517 975 quamvis
526 903 648 959 distantia
658 904 741 960 misso

69 987 95 1030 55
123 975 304 1049 dgeredectus
316 984 384 1045 erat3
405 977 566 1034 sedtendere
575 978 771 1034 doctiorarcus.

123 1051 192 1106 Tum
201 1067 308 1124 qpeqne
318 1048 387 1107 lenta
396 1069 478 1109 manu
487 1051 631 1116 flectentem
643 1070 742 1110 eornua
750 1057 854 1110 Perseus

122 1125 220 1198 stipite.
241 1127 289 1199 qui
298 1126 384 1182 media
392 1128 495 1200 positus
504 1126 623 1187 fumabat
632 1128 661 1184 in
674 1147 728 1195 ara,

121 1200 247 1273 pereulit;
268 1210 294 1259 et
304 1202 394 1258 fractis
402 1202 522 1260 confudit
530 1204 559 1261 in
572 1204 677 1261 ossibus
687 1221 742 1260 ora.

122 1277 200 1334 Hune
210 1278 259 1334 ubi
269 1277 384 1336 foedatos
393 1279 530 1336 iactantem
540 1281 570 1337 in
579 1279 710 1353 sanguine
719 1279 810 1334 vultus

69 1362 94 1405 dt
122 1353 251 1428 Assyrius
264 1355 332 1411 vidit
340 1355 474 1429 Lycabas,
494 1355 679 1411 iunctissimus
690 1352 730 1408 illi

122 1433 252 1494 eteomes.
273 1436 299 1483 et
306 1429 363 1485 veri
373 1446 426 1485 non
436 1428 616 1484 dissimulator
625 1429 737 1494 amoris;

122 1510 264 1575 postquam
273 1502 439 1557 exhalantem
449 1503 501 1558 sub
511 1502 602 1556 aoerbe
614 1501 724 1556 vulnere
731 1501 814 1555 vitam

123 1575 268 1646 deploravit
279 1574 375 1640 Athin;
395 1591 464 1646 quos
475 1575 520 1629 ille
528 1573 679 1638 tetenderat,
699 1588 776 1626 arcus

123 1651 228 1721 arripit:
249 1655 283 1714 et,
292 1649 396 1705 Mecum
407 1648 455 1702 tibi
464 1648 519 1703 sint
526 1647 682 1710 eertamina,
703 1644 783 1698 dixit:

69 1731 94 1774 65
122 1739 170 1776 nee
179 1724 289 1798 longum
297 1721 374 1796 pueri
384 1720 436 1777 iate
445 1720 585 1778 laetabere:
605 1736 661 1792 quo
669 1716 730 1790 plus

125 1796 249 1864 invidiae,
260 1814 343 1870 quam
353 1796 449 1864 laudis,
461 1797 553 1853 habes.
563 1795 632 1849 Haec
640 1792 730 1847 omnia
740 1793 854 1849 nondum

121 1867 237 1926 dixerat:
257 1870 366 1926 emicuit
376 1887 457 1925 nervo
466 1867 627 1942 penetrabile
636 1866 734 1923 telum:

121 1941 297 2015 vitatumque,
317 1952 407 2000 tamen
416 1944 525 2000 sinuosa
532 1949 604 1998 veste
613 1942 747 2014 pependit.

122 2016 205 2073 Vertit
212 2016 243 2075 in
253 2017 326 2074 huno
335 2019 446 2091 harpen,
466 2024 608 2091 spectatam
618 2017 696 2073 eaede
705 2017 838 2085 Medusae,

68 2102 94 2144 tn
122 2091 327 2160 Acrisioniades,
347 2093 484 2180 adigitque
493 2095 521 2151 in
528 2090 632 2165 pectus.
662 2092 751 2149 Atille

122 2168 176 2222 iam
189 2167 313 2234 moriens,
333 2168 481 2226 oculissub
491 2175 564 2226 noete
573 2169 724 2224 natantibus
733 2177 797 2236 atra,

122 2242 310 2315 circumspexit
318 2242 415 2310 Athin,
436 2261 517 2317 seque
526 2241 665 2300 acclinavit
674 2243 707 2300 ad
716 2243 804 2311 illum,

124 2324 150 2372 et
160 2317 220 2373 tulit
229 2319 262 2374 ad
272 2336 363 2374 manes
375 2319 481 2375 iunctae
489 2318 581 2376 solatia
589 2319 691 2374 mortis.

121 2389 188 2447 Eece
197 2392 326 2468 Syenites,
346 2395 453 2468 genitus
462 2394 606 2459 Methione,
627 2394 754 2462 Phorbas,

67 2474 93 2517 75
121 2473 147 2520 et
171 2467 257 2543 'Libys
278 2467 489 2541 Amphimedon,
528 2469 599 2525 avidi
620 2472 783 2526 eommittere
811 2484 854 2538 pn⁴

632 2563 686 2611 am,

120 2615 261 2688 sanguine,
282 2635 337 2690 que
346 2615 396 2674 late
405 2618 483 2675 tellus
493 2562 635 2675 madefadd
643 2620 757 2692 tepebat,

78 2882 188 2908 Α
