1874 2940
145 236 180 289 74
328 241 356 286 1².
377 239 504 288 ovum
520 242 686 290 NASONIS

147 343 182 398 sit
192 357 280 412 sopor,
299 358 369 413 aque
378 358 450 398 mero
459 342 568 399 redeant
575 344 603 399 in
613 351 717 416 pectora
725 360 837 412 sensus,

147 415 218 483 Quid
228 415 333 470 facitis?
345 417 408 489 quis
418 416 536 474 clamor?
546 419 597 475 ait:
609 437 672 492 qua,
684 419 772 485 dieite,
784 430 892 487 nautae,

146 491 396 562 hacopeperveni‘i
414 510 469 565 quo
479 511 523 548 ma
530 493 631 548 deferre
639 493 757 565 paratis?

147 567 338 632 Ponemetum,
359 569 486 634 Proreus,
506 575 532 622 et
540 586 609 640 quos
619 569 771 643 contingere
779 577 874 641 portus

94 653 133 696 636
147 640 195 696 ede
203 640 280 707 velis,
301 641 383 709 dixit;
404 649 472 697 terra
481 643 574 697 sistere
583 643 673 713 petita.

146 717 250 782 Naxon,
272 718 308 771 ait
316 716 405 780 Liber,
426 733 522 770 cursus
531 717 658 771 advertite
667 724 778 773 vestros.

147 790 194 845 Ilia
205 791 272 844 mihi
282 789 379 844 domus
389 797 442 844 est:
463 790 540 845 vobis
550 789 599 843 erit
608 789 712 859 hospita
722 791 810 845 tellus.

147 866 196 919 Per
205 881 278 917 mare
287 862 402 928 sallaoes,
424 880 524 935 perque
533 863 623 917 omnia
632 864 744 917 numina
754 865 851 931 iurant,

148 937 263 992 siefore:
285 953 381 1007 meque
390 936 482 991 iubent
490 937 575 1006 pictae
585 935 647 991 dare
656 936 714 990 vela
727 938 840 991 carinae.

94 1021 132 1068 oto
146 1014 256 1068 Dextera
265 1011 354 1065 Naxos
363 1018 432 1065 erat:
453 1010 544 1065 dextra
554 1010 621 1065 mihi
632 1008 710 1065 lintea
720 1010 803 1075 danti,

148 1085 219 1154 Quid
228 1084 302 1151 facis,
314 1102 330 1140 o
340 1082 468 1140 demens?
476 1085 539 1156 quis
550 1093 575 1140 te
584 1084 667 1150 furor,
679 1085 776 1156 inquit,
786 1084 890 1151 Acoete,

146 1178 195 1236 pro
206 1178 234 1214 se
244 1160 369 1232 quisque,
382 1159 469 1215 tenet?
485 1161 598 1216 Laevum
608 1168 676 1232 pete.
697 1160 813 1216 Maxima
823 1170 893 1217 nutu

147 1254 210 1310 pars
220 1235 286 1290 mihi
297 1235 437 1310 signifieat,
449 1253 520 1308 pars,
532 1236 598 1309 quid
604 1236 675 1301 velit,
686 1252 750 1290 aure
758 1245 891 1292 susurrat.

148 1311 296 1383 Obstupui:
318 1311 463 1384 Capiatque
473 1311 571 1384 aliquis
582 1311 778 1377 moderamina,
799 1311 871 1366 dixi:

94 1396 133 1444 646
143 1403 245 1460 ¹meque
254 1387 402 1442 ministerio
411 1386 571 1460 scelerisque
580 1387 699 1458 artisque
711 1386 822 1441 removi.

147 1466 271 1534 Increpor
280 1480 295 1516 a
305 1462 423 1532 cunetis3
437 1470 575 1535 totumquo
585 1462 774 1517 immurmurat
783 1478 891 1534 agmon.

146 1538 281 1608 Equihus
290 1537 439 1602 Aethalion,
460 1539 496 1592 Ta
505 1537 605 1592 seilicet
613 1537 701 1593 omnis
711 1537 740 1591 in
750 1554 806 1591 uno

148 1620 237 1666 nostra
246 1611 319 1664 salus
328 1611 413 1680 posita
423 1611 476 1665 esti
490 1613 535 1678 ait,
547 1620 572 1666 et
581 1612 654 1667 subit
663 1612 730 1683 ipse,
747 1628 894 1684 meumque

148 1684 236 1755 explet
245 1700 328 1754 opus:
349 1685 477 1754 Naxoque
488 1687 553 1756 petit
561 1686 665 1740 diversa
675 1686 775 1742 relicta.

96 1772 135 1815 666
187 1760 256 1812 Tum
275 1756 341 1813 deus
363 1756 493 1824 illudens,
524 1767 652 1831 tanquam
677 1761 755 1815 modo
777 1760 895 1832 denique

626 1833 745 1888 fraudem

151 1907 272 1971 senserit,
293 1906 401 1977 epuppi
411 1915 523 1977 pontum
534 1917 680 1980 prospectat
690 1910 807 1977 adunm3

151 1990 176 2038 et
185 1981 257 2036 flenti
267 1981 374 2047 similis,
394 1982 453 2036 Non
463 1982 528 2036 haee
537 1984 604 2037 mihi
615 1984 710 2048 littora,
731 1991 835 2048 nautae,

150 2055 325 2131 promisistis,
346 2058 396 2110 ait:
418 2074 471 2111 non
480 2057 544 2112 haee
553 2059 620 2113 mihi
631 2066 698 2112 tarra
708 2065 797 2128 rogata
806 2065 855 2112 est.

151 2134 211 2199 Quo
221 2133 305 2186 merui
316 2148 428 2203 poenam
438 2129 523 2187 iacto?
551 2133 623 2198 Quae
633 2132 717 2203 gioria
726 2139 813 2184 vestra
825 2141 875 2200 est,

99 2220 137 2264 666
152 2209 175 2262 si
184 2223 298 2278 puerum
309 2207 428 2272 iuvenes,
448 2207 471 2261 si
482 2206 560 2261 multi
571 2206 661 2261 sallitis
670 2203 776 2259 unum?

152 2282 313 2338 Iamdudum
322 2281 427 2336 ssebam.
448 2281 582 2336 Lacrimas
593 2298 689 2335 manus
700 2280 782 2351 impia
792 2290 897 2341 nostras

153 2358 233 2412 ridet:
255 2364 280 2411 et
289 2356 612 2429 impeliitproperantibus
625 2373 738 2427 aequora
748 2356 839 2412 remis.

153 2434 203 2487 Per
211 2431 259 2487 tihi
270 2450 342 2486 nuno
352 2432 442 2502 ipsum
453 2431 629 2504 (nequeenim
639 2432 800 2502 praesentior
812 2431 858 2488 illo

137 2539 139 2542 >
153 2515 193 2562 est
202 2506 292 2579 deus:)
311 2507 413 2572 adiuro,
434 2515 489 2561 tam
498 2524 541 2560 me
553 2506 601 2561 tibi
611 2525 673 2561 vera
684 2506 786 2571 referre,

101 2594 139 2638 666
154 2600 235 2653 quam
246 2582 301 2637 veri
312 2582 411 2637 maiora
422 2581 482 2638 fide.
512 2581 587 2637 Stetit
596 2599 707 2654 aequore
717 2582 816 2653 puppis

155 2657 227 2711 haud
238 2657 321 2723 aliter,
342 2675 425 2728 quam
435 2657 458 2712 si
469 2657 569 2711 siccum
580 2657 673 2712 navale
682 2665 790 2711 teneret.

146 2731 195 2784 Illi
202 2732 366 2790 admirantes
376 2731 549 2791 remorumin
558 2733 667 2789 verbere
675 2739 806 2804 perstant:
