<?xml version="1.0" encoding="UTF-8"?>
<!DOCTYPE html PUBLIC "-//W3C//DTD XHTML 1.0 Transitional//EN"
    "http://www.w3.org/TR/xhtml1/DTD/xhtml1-transitional.dtd">
<html xmlns="http://www.w3.org/1999/xhtml" xml:lang="en" lang="en">
 <head>
  <title>
</title>
<meta http-equiv="Content-Type" content="text/html;charset=utf-8" />
  <meta name='ocr-system' content='tesseract 3.04.00' />
  <meta name='ocr-capabilities' content='ocr_page ocr_carea ocr_par ocr_line ocrx_word'/>
</head>
<body>
  <div class='ocr_page' id='page_1' title='image "./povidiinasoniso01ovidgoog_0327.png"; bbox 0 0 1874 2940; ppageno 0'>
   <div class='ocr_carea' id='block_1_1' title="bbox 163 137 805 188">
    <p class='ocr_par' dir='ltr' id='par_1_1' title="bbox 163 137 805 188">
     <span class='ocr_line' id='line_1_1' title="bbox 163 137 805 188; baseline 0.003 -2"><span class='ocrx_word' id='word_1_1' title='bbox 163 141 535 186; x_wconf 77' lang='lat' dir='ltr'><strong>METAMORPHOSEON</strong></span> <span class='ocrx_word' id='word_1_2' title='bbox 553 142 622 186; x_wconf 90' lang='lat' dir='ltr'><strong>LIB.</strong></span> <span class='ocrx_word' id='word_1_3' title='bbox 641 140 708 187; x_wconf 85' lang='lat' dir='ltr'>XIV.</span> <span class='ocrx_word' id='word_1_4' title='bbox 756 137 805 188; x_wconf 72' lang='grc'>329</span> 
     </span>
    </p>
   </div>
   <div class='ocr_carea' id='block_1_2' title="bbox 66 236 862 2182">
    <p class='ocr_par' dir='ltr' id='par_1_2' title="bbox 66 236 660 310">
     <span class='ocr_line' id='line_1_2' title="bbox 66 236 660 310; baseline 0.002 -18"><span class='ocrx_word' id='word_1_5' title='bbox 66 239 168 293; x_wconf 92' lang='lat' dir='ltr'>innuba</span> <span class='ocrx_word' id='word_1_6' title='bbox 178 256 327 310; x_wconf 86' lang='lat' dir='ltr'>permaneo.</span> <span class='ocrx_word' id='word_1_7' title='bbox 357 236 660 293; x_wconf 84' lang='lat' dir='ltr'>Sediamselicioraetes</span> 
     </span>
    </p>

    <p class='ocr_par' dir='ltr' id='par_1_3' title="bbox 66 312 804 386">
     <span class='ocr_line' id='line_1_3' title="bbox 66 312 804 386; baseline 0.008 -20"><span class='ocrx_word' id='word_1_8' title='bbox 66 323 137 386; x_wconf 80' lang='lat' dir='ltr'>terga</span> <span class='ocrx_word' id='word_1_9' title='bbox 147 313 227 368; x_wconf 81' lang='lat' dir='ltr'><strong>dedit:</strong></span> <span class='ocrx_word' id='word_1_10' title='bbox 238 312 404 385; x_wconf 77' lang='lat' dir='ltr'>tremuloque</span> <span class='ocrx_word' id='word_1_11' title='bbox 411 314 495 386; x_wconf 80' lang='lat' dir='ltr'>gradu</span> <span class='ocrx_word' id='word_1_12' title='bbox 505 313 578 368; x_wconf 85' lang='lat' dir='ltr'>venit</span> <span class='ocrx_word' id='word_1_13' title='bbox 585 330 662 385; x_wconf 79' lang='lat' dir='ltr'>aegra</span> <span class='ocrx_word' id='word_1_14' title='bbox 672 325 804 381; x_wconf 78' lang='lat' dir='ltr'>senectus,</span> 
     </span>
    </p>

    <p class='ocr_par' dir='ltr' id='par_1_4' title="bbox 66 387 806 459">
     <span class='ocr_line' id='line_1_4' title="bbox 66 387 806 459; baseline 0.003 -17"><span class='ocrx_word' id='word_1_15' title='bbox 66 387 368 459; x_wconf 84' lang='lat' dir='ltr'>quaepatiendadiueet.</span> <span class='ocrx_word' id='word_1_16' title='bbox 379 389 447 442; x_wconf 91' lang='lat' dir='ltr'>Nam</span> <span class='ocrx_word' id='word_1_17' title='bbox 456 387 510 443; x_wconf 91' lang='lat' dir='ltr'>iam</span> <span class='ocrx_word' id='word_1_18' title='bbox 518 387 584 441; x_wconf 89' lang='lat' dir='ltr'>mihi</span> <span class='ocrx_word' id='word_1_19' title='bbox 595 387 806 459; x_wconf 78' lang='lat' dir='ltr'>saeculaeeptem</span> 
     </span>
    </p>

    <p class='ocr_par' dir='ltr' id='par_1_5' title="bbox 67 459 858 534">
     <span class='ocr_line' id='line_1_5' title="bbox 67 459 858 534; baseline 0.003 -18"><span class='ocrx_word' id='word_1_20' title='bbox 67 461 220 517; x_wconf 83' lang='lat' dir='ltr'>notavides:</span> <span class='ocrx_word' id='word_1_21' title='bbox 240 470 369 534; x_wconf 83' lang='lat' dir='ltr'>superest,</span> <span class='ocrx_word' id='word_1_22' title='bbox 381 479 505 517; x_wconf 87' lang='lat' dir='ltr'>numeros</span> <span class='ocrx_word' id='word_1_23' title='bbox 514 469 545 517; x_wconf 91' lang='lat' dir='ltr'>ut</span> <span class='ocrx_word' id='word_1_24' title='bbox 554 459 672 533; x_wconf 88' lang='lat' dir='ltr'>pulveris</span> <span class='ocrx_word' id='word_1_25' title='bbox 682 478 803 532; x_wconf 89' lang='lat' dir='ltr'>aequem,</span> <span class='ocrx_word' id='word_1_26' title='bbox 820 472 858 518; x_wconf 76' lang='lat'>145</span> 
     </span>
    </p>

    <p class='ocr_par' dir='ltr' id='par_1_6' title="bbox 67 535 701 603">
     <span class='ocr_line' id='line_1_6' title="bbox 67 535 701 603; baseline -0.002 -13"><span class='ocrx_word' id='word_1_27' title='bbox 67 543 212 591; x_wconf 80' lang='lat' dir='ltr'>tercentum</span> <span class='ocrx_word' id='word_1_28' title='bbox 222 554 331 603; x_wconf 73' lang='lat' dir='ltr'>messes,</span> <span class='ocrx_word' id='word_1_29' title='bbox 352 544 496 591; x_wconf 74' lang='lat' dir='ltr'>tercentum</span> <span class='ocrx_word' id='word_1_30' title='bbox 505 535 701 591; x_wconf 86' lang='lat' dir='ltr'>mustavidere.</span> 
     </span>
    </p>

    <p class='ocr_par' dir='ltr' id='par_1_7' title="bbox 67 610 801 684">
     <span class='ocr_line' id='line_1_7' title="bbox 67 610 801 684; baseline 0.004 -21"><span class='ocrx_word' id='word_1_31' title='bbox 67 611 183 683; x_wconf 84' lang='lat' dir='ltr'>Tempus</span> <span class='ocrx_word' id='word_1_32' title='bbox 192 611 256 679; x_wconf 87' lang='lat' dir='ltr'>erit,</span> <span class='ocrx_word' id='word_1_33' title='bbox 276 610 406 684; x_wconf 86' lang='lat' dir='ltr'>qunmde</span> <span class='ocrx_word' id='word_1_34' title='bbox 418 618 488 668; x_wconf 80' lang='lat' dir='ltr'>tanto</span> <span class='ocrx_word' id='word_1_35' title='bbox 496 626 539 666; x_wconf 87' lang='lat' dir='ltr'>me</span> <span class='ocrx_word' id='word_1_36' title='bbox 547 627 654 682; x_wconf 85' lang='lat' dir='ltr'>corpore</span> <span class='ocrx_word' id='word_1_37' title='bbox 663 627 772 681; x_wconf 84' lang='lat' dir='ltr'>parvam</span> <span class='ocrx_word' id='word_1_38' title='bbox 797 658 801 665; x_wconf 92' lang='lat'><em>.</em></span> 
     </span>
    </p>

    <p class='ocr_par' dir='ltr' id='par_1_8' title="bbox 68 685 757 759">
     <span class='ocr_line' id='line_1_8' title="bbox 68 685 757 759; baseline 0 -20"><span class='ocrx_word' id='word_1_39' title='bbox 68 685 146 759; x_wconf 82' lang='lat' dir='ltr'>longa</span> <span class='ocrx_word' id='word_1_40' title='bbox 156 686 213 741; x_wconf 85' lang='lat' dir='ltr'>dies</span> <span class='ocrx_word' id='word_1_41' title='bbox 223 685 307 753; x_wconf 77' lang='lat' dir='ltr'>faciet,</span> <span class='ocrx_word' id='word_1_42' title='bbox 327 685 646 759; x_wconf 79' lang='lat' dir='ltr'>consumtaquemembra</span> <span class='ocrx_word' id='word_1_43' title='bbox 656 695 757 740; x_wconf 79' lang='lat' dir='ltr'>senecta</span> 
     </span>
    </p>

    <p class='ocr_par' dir='ltr' id='par_1_9' title="bbox 68 759 804 836">
     <span class='ocr_line' id='line_1_9' title="bbox 68 759 804 836; baseline 0.004 -22"><span class='ocrx_word' id='word_1_44' title='bbox 68 759 100 814; x_wconf 89' lang='lat' dir='ltr'>ad</span> <span class='ocrx_word' id='word_1_45' title='bbox 110 761 256 818; x_wconf 90' lang='lat' dir='ltr'>minimum</span> <span class='ocrx_word' id='word_1_46' title='bbox 265 762 417 836; x_wconf 81' lang='lat' dir='ltr'>redigentur</span> <span class='ocrx_word' id='word_1_47' title='bbox 425 779 505 818; x_wconf 82' lang='lat' dir='ltr'>nnus.</span> <span class='ocrx_word' id='word_1_48' title='bbox 524 762 579 817; x_wconf 88' lang='lat' dir='ltr'>Nec</span> <span class='ocrx_word' id='word_1_49' title='bbox 588 760 804 828; x_wconf 76' lang='lat' dir='ltr'>amatavidebnr,</span> 
     </span>
    </p>

    <p class='ocr_par' dir='ltr' id='par_1_10' title="bbox 68 834 859 910">
     <span class='ocr_line' id='line_1_10' title="bbox 68 834 859 910; baseline 0.003 -22"><span class='ocrx_word' id='word_1_50' title='bbox 68 852 116 889; x_wconf 89' lang='lat' dir='ltr'>nec</span> <span class='ocrx_word' id='word_1_51' title='bbox 125 834 257 907; x_wconf 79' lang='lat' dir='ltr'>placuisse</span> <span class='ocrx_word' id='word_1_52' title='bbox 266 837 325 894; x_wconf 91' lang='lat' dir='ltr'>deo.</span> <span class='ocrx_word' id='word_1_53' title='bbox 345 837 467 892; x_wconf 81' lang='lat' dir='ltr'>Phoebus</span> <span class='ocrx_word' id='word_1_54' title='bbox 478 853 588 910; x_wconf 87' lang='lat' dir='ltr'>qnoque</span> <span class='ocrx_word' id='word_1_55' title='bbox 595 834 705 892; x_wconf 76' lang='lat' dir='ltr'>forsitan</span> <span class='ocrx_word' id='word_1_56' title='bbox 714 837 771 908; x_wconf 79' lang='lat' dir='ltr'>ipre</span> <span class='ocrx_word' id='word_1_57' title='bbox 821 849 859 890; x_wconf 76' lang='grc'>151</span> 
     </span>
    </p>

    <p class='ocr_par' dir='ltr' id='par_1_11' title="bbox 67 909 641 984">
     <span class='ocr_line' id='line_1_11' title="bbox 67 909 641 984; baseline 0.007 -22"><span class='ocrx_word' id='word_1_58' title='bbox 67 909 109 963; x_wconf 85' lang='lat' dir='ltr'>vel</span> <span class='ocrx_word' id='word_1_59' title='bbox 123 928 176 965; x_wconf 92' lang='lat' dir='ltr'>non</span> <span class='ocrx_word' id='word_1_60' title='bbox 187 919 319 984; x_wconf 79' lang='lat' dir='ltr'>agnoscet,</span> <span class='ocrx_word' id='word_1_61' title='bbox 338 910 381 965; x_wconf 84' lang='lat' dir='ltr'>vel</span> <span class='ocrx_word' id='word_1_62' title='bbox 390 909 517 966; x_wconf 83' lang='lat' dir='ltr'>dilexisse</span> <span class='ocrx_word' id='word_1_63' title='bbox 526 911 641 984; x_wconf 78' lang='lat' dir='ltr'>negabit.</span> 
     </span>
    </p>

    <p class='ocr_par' dir='ltr' id='par_1_12' title="bbox 68 983 710 1054">
     <span class='ocr_line' id='line_1_12' title="bbox 68 983 710 1054; baseline 0.006 -18"><span class='ocrx_word' id='word_1_64' title='bbox 68 984 157 1053; x_wconf 87' lang='lat' dir='ltr'>Usque</span> <span class='ocrx_word' id='word_1_65' title='bbox 167 983 230 1038; x_wconf 89' lang='lat' dir='ltr'>adeo</span> <span class='ocrx_word' id='word_1_66' title='bbox 241 991 340 1038; x_wconf 89' lang='lat' dir='ltr'>mutata</span> <span class='ocrx_word' id='word_1_67' title='bbox 350 983 431 1038; x_wconf 80' lang='lat' dir='ltr'>ferar:</span> <span class='ocrx_word' id='word_1_68' title='bbox 453 983 575 1054; x_wconf 84' lang='lat' dir='ltr'>nullique</span> <span class='ocrx_word' id='word_1_69' title='bbox 587 985 710 1050; x_wconf 88' lang='lat' dir='ltr'>videnda,</span> 
     </span>
    </p>

    <p class='ocr_par' dir='ltr' id='par_1_13' title="bbox 67 1056 862 1204">
     <span class='ocr_line' id='line_1_13' title="bbox 67 1056 862 1129; baseline 0.004 -18"><span class='ocrx_word' id='word_1_70' title='bbox 67 1073 130 1111; x_wconf 88' lang='lat' dir='ltr'>voco</span> <span class='ocrx_word' id='word_1_71' title='bbox 139 1064 227 1111; x_wconf 88' lang='lat' dir='ltr'>tamen</span> <span class='ocrx_word' id='word_1_72' title='bbox 236 1074 343 1112; x_wconf 87' lang='lat' dir='ltr'>noscar:</span> <span class='ocrx_word' id='word_1_73' title='bbox 363 1073 455 1112; x_wconf 88' lang='lat' dir='ltr'>vocem</span> <span class='ocrx_word' id='word_1_74' title='bbox 464 1057 531 1111; x_wconf 90' lang='lat' dir='ltr'>mihi</span> <span class='ocrx_word' id='word_1_75' title='bbox 541 1056 592 1112; x_wconf 83' lang='lat' dir='ltr'>fata</span> <span class='ocrx_word' id='word_1_76' title='bbox 601 1057 761 1129; x_wconf 86' lang='lat' dir='ltr'>relinquent.</span> <span class='ocrx_word' id='word_1_77' title='bbox 834 1084 836 1090; x_wconf 53' lang='lat'><em>2</em></span> <span class='ocrx_word' id='word_1_78' title='bbox 859 1085 862 1089; x_wconf 21' lang='grc' dir='ltr'><strong>Δ</strong></span> 
     </span>
     <span class='ocr_line' id='line_1_14' title="bbox 104 1129 739 1204; baseline 0.006 -22"><span class='ocrx_word' id='word_1_79' title='bbox 104 1129 176 1183; x_wconf 88' lang='lat' dir='ltr'>Talia</span> <span class='ocrx_word' id='word_1_80' title='bbox 186 1147 334 1186; x_wconf 87' lang='lat' dir='ltr'>convexum</span> <span class='ocrx_word' id='word_1_81' title='bbox 344 1148 391 1202; x_wconf 88' lang='lat' dir='ltr'>per</span> <span class='ocrx_word' id='word_1_82' title='bbox 400 1130 448 1184; x_wconf 91' lang='lat' dir='ltr'>iter</span> <span class='ocrx_word' id='word_1_83' title='bbox 458 1138 619 1186; x_wconf 80' lang='lat' dir='ltr'>memorante</span> <span class='ocrx_word' id='word_1_84' title='bbox 627 1131 739 1204; x_wconf 82' lang='lat' dir='ltr'>Sibylla,</span> 
     </span>
    </p>

    <p class='ocr_par' dir='ltr' id='par_1_14' title="bbox 68 1204 860 1280">
     <span class='ocr_line' id='line_1_15' title="bbox 68 1204 860 1280; baseline 0.005 -22"><span class='ocrx_word' id='word_1_85' title='bbox 68 1204 175 1258; x_wconf 88' lang='lat' dir='ltr'>sedibus</span> <span class='ocrx_word' id='word_1_86' title='bbox 185 1204 331 1261; x_wconf 88' lang='lat' dir='ltr'>Euboicam</span> <span class='ocrx_word' id='word_1_87' title='bbox 341 1205 441 1280; x_wconf 82' lang='lat' dir='ltr'>Stygiis</span> <span class='ocrx_word' id='word_1_88' title='bbox 450 1207 560 1279; x_wconf 84' lang='lat' dir='ltr'>emergit</span> <span class='ocrx_word' id='word_1_89' title='bbox 568 1206 596 1261; x_wconf 91' lang='lat' dir='ltr'>in</span> <span class='ocrx_word' id='word_1_90' title='bbox 606 1205 700 1260; x_wconf 87' lang='lat' dir='ltr'>urbem</span> <span class='ocrx_word' id='word_1_91' title='bbox 822 1222 860 1262; x_wconf 80' lang='grc'>115</span> 
     </span>
    </p>

    <p class='ocr_par' dir='ltr' id='par_1_15' title="bbox 68 1277 646 1353">
     <span class='ocr_line' id='line_1_16' title="bbox 68 1277 646 1353; baseline 0.002 -20"><span class='ocrx_word' id='word_1_92' title='bbox 68 1279 162 1334; x_wconf 87' lang='lat' dir='ltr'>Troius</span> <span class='ocrx_word' id='word_1_93' title='bbox 171 1277 286 1335; x_wconf 79' lang='lat' dir='ltr'>Aeneas:</span> <span class='ocrx_word' id='word_1_94' title='bbox 307 1279 646 1353; x_wconf 78' lang='lat' dir='ltr'>sacrisqueemorelitatia,</span> 
     </span>
    </p>

    <p class='ocr_par' dir='ltr' id='par_1_16' title="bbox 69 1352 739 1419">
     <span class='ocr_line' id='line_1_17' title="bbox 69 1352 739 1419; baseline -0.001 -11"><span class='ocrx_word' id='word_1_95' title='bbox 69 1353 153 1408; x_wconf 89' lang='lat' dir='ltr'>littora</span> <span class='ocrx_word' id='word_1_96' title='bbox 163 1352 227 1419; x_wconf 88' lang='lat' dir='ltr'>adit,</span> <span class='ocrx_word' id='word_1_97' title='bbox 247 1353 367 1411; x_wconf 89' lang='lat' dir='ltr'>nondum</span> <span class='ocrx_word' id='word_1_98' title='bbox 377 1355 488 1410; x_wconf 89' lang='lat' dir='ltr'>nutricis</span> <span class='ocrx_word' id='word_1_99' title='bbox 498 1355 622 1410; x_wconf 87' lang='lat' dir='ltr'>habentia</span> <span class='ocrx_word' id='word_1_100' title='bbox 632 1371 739 1408; x_wconf 89' lang='lat' dir='ltr'>nomen.</span> 
     </span>
    </p>

    <p class='ocr_par' dir='ltr' id='par_1_17' title="bbox 68 1428 860 1503">
     <span class='ocr_line' id='line_1_18' title="bbox 68 1428 860 1503; baseline 0.003 -21"><span class='ocrx_word' id='word_1_101' title='bbox 68 1429 116 1483; x_wconf 89' lang='lat' dir='ltr'>Hic</span> <span class='ocrx_word' id='word_1_102' title='bbox 125 1445 232 1500; x_wconf 86' lang='lat' dir='ltr'>quoqne</span> <span class='ocrx_word' id='word_1_103' title='bbox 244 1429 395 1486; x_wconf 81' lang='lat' dir='ltr'>substiterat</span> <span class='ocrx_word' id='word_1_104' title='bbox 404 1437 465 1502; x_wconf 81' lang='lat' dir='ltr'>post</span> <span class='ocrx_word' id='word_1_105' title='bbox 473 1430 557 1486; x_wconf 89' lang='lat' dir='ltr'>taedia</span> <span class='ocrx_word' id='word_1_106' title='bbox 567 1429 645 1503; x_wconf 83' lang='lat' dir='ltr'>longa</span> <span class='ocrx_word' id='word_1_107' title='bbox 656 1428 776 1485; x_wconf 87' lang='lat' dir='ltr'>laborum</span> <span class='ocrx_word' id='word_1_108' title='bbox 858 1456 860 1461; x_wconf 48' lang='lat'><strong>⁴</strong></span> 
     </span>
    </p>

    <p class='ocr_par' dir='ltr' id='par_1_18' title="bbox 68 1503 725 1578">
     <span class='ocr_line' id='line_1_19' title="bbox 68 1503 725 1578; baseline 0 -20"><span class='ocrx_word' id='word_1_109' title='bbox 68 1503 183 1558; x_wconf 87' lang='lat' dir='ltr'>Neritius</span> <span class='ocrx_word' id='word_1_110' title='bbox 194 1504 339 1571; x_wconf 82' lang='lat' dir='ltr'>Macareus,</span> <span class='ocrx_word' id='word_1_111' title='bbox 358 1522 447 1562; x_wconf 80' lang='lat' dir='ltr'>cornea</span> <span class='ocrx_word' id='word_1_112' title='bbox 455 1505 614 1578; x_wconf 83' lang='lat' dir='ltr'>experientis</span> <span class='ocrx_word' id='word_1_113' title='bbox 626 1503 725 1560; x_wconf 84' lang='lat' dir='ltr'>Ulixei:</span> 
     </span>
    </p>

    <p class='ocr_par' dir='ltr' id='par_1_19' title="bbox 68 1579 861 1653">
     <span class='ocr_line' id='line_1_20' title="bbox 68 1579 861 1653; baseline 0.004 -22"><span class='ocrx_word' id='word_1_114' title='bbox 68 1579 199 1632; x_wconf 85' lang='lat' dir='ltr'>desertum</span> <span class='ocrx_word' id='word_1_115' title='bbox 209 1579 344 1650; x_wconf 89' lang='lat' dir='ltr'>quondnm</span> <span class='ocrx_word' id='word_1_116' title='bbox 354 1580 449 1636; x_wconf 79' lang='lat' dir='ltr'>mediis</span> <span class='ocrx_word' id='word_1_117' title='bbox 460 1581 508 1653; x_wconf 92' lang='lat' dir='ltr'>qui</span> <span class='ocrx_word' id='word_1_118' title='bbox 518 1581 632 1652; x_wconf 85' lang='lat' dir='ltr'>rupibus</span> <span class='ocrx_word' id='word_1_119' title='bbox 641 1580 740 1635; x_wconf 84' lang='lat' dir='ltr'>Aetnae</span> <span class='ocrx_word' id='word_1_120' title='bbox 823 1592 861 1634; x_wconf 80' lang='lat' dir='ltr'>rto</span> 
     </span>
    </p>

    <p class='ocr_par' dir='ltr' id='par_1_20' title="bbox 68 1651 749 1728">
     <span class='ocr_line' id='line_1_21' title="bbox 68 1651 749 1728; baseline 0.001 -20"><span class='ocrx_word' id='word_1_121' title='bbox 68 1652 153 1708; x_wconf 86' lang='lat' dir='ltr'>noscit</span> <span class='ocrx_word' id='word_1_122' title='bbox 161 1651 388 1724; x_wconf 78' lang='lat' dir='ltr'>Achaemeniden3</span> <span class='ocrx_word' id='word_1_123' title='bbox 409 1656 608 1728; x_wconf 85' lang='lat' dir='ltr'>improvisoque</span> <span class='ocrx_word' id='word_1_124' title='bbox 617 1663 749 1726; x_wconf 86' lang='lat' dir='ltr'>repertum</span> 
     </span>
    </p>

    <p class='ocr_par' dir='ltr' id='par_1_21' title="bbox 68 1729 639 1796">
     <span class='ocr_line' id='line_1_22' title="bbox 68 1729 639 1796; baseline 0.005 -14"><span class='ocrx_word' id='word_1_125' title='bbox 68 1729 157 1783; x_wconf 85' lang='lat' dir='ltr'>vivere</span> <span class='ocrx_word' id='word_1_126' title='bbox 166 1729 287 1795; x_wconf 80' lang='lat' dir='ltr'>miratus,</span> <span class='ocrx_word' id='word_1_127' title='bbox 308 1729 530 1796; x_wconf 83' lang='lat' dir='ltr'>Quietecasusve</span> <span class='ocrx_word' id='word_1_128' title='bbox 539 1730 639 1785; x_wconf 88' lang='lat' dir='ltr'>deusve</span> 
     </span>
    </p>

    <p class='ocr_par' dir='ltr' id='par_1_22' title="bbox 68 1802 860 1878">
     <span class='ocr_line' id='line_1_23' title="bbox 68 1802 860 1878; baseline 0.006 -22"><span class='ocrx_word' id='word_1_129' title='bbox 68 1802 382 1868; x_wconf 64' lang='lat' dir='ltr'>servatrichaemenide?</span> <span class='ocrx_word' id='word_1_130' title='bbox 400 1804 808 1878; x_wconf 81' lang='lat' dir='ltr'>Cur,inquit‚barbaraGreium</span> <span class='ocrx_word' id='word_1_131' title='bbox 832 1829 835 1836; x_wconf 93' lang='lat'>·</span> <span class='ocrx_word' id='word_1_132' title='bbox 858 1830 860 1834; x_wconf 96' lang='lat'>·</span> 
     </span>
    </p>

    <p class='ocr_par' dir='ltr' id='par_1_23' title="bbox 67 1876 728 1952">
     <span class='ocr_line' id='line_1_24' title="bbox 67 1876 728 1952; baseline 0.002 -19"><span class='ocrx_word' id='word_1_133' title='bbox 67 1895 144 1950; x_wconf 90' lang='lat' dir='ltr'>prora</span> <span class='ocrx_word' id='word_1_134' title='bbox 154 1876 245 1935; x_wconf 78' lang='lat' dir='ltr'>vehit?</span> <span class='ocrx_word' id='word_1_135' title='bbox 262 1879 362 1936; x_wconf 84' lang='lat' dir='ltr'>Petitur</span> <span class='ocrx_word' id='word_1_136' title='bbox 372 1886 457 1936; x_wconf 80' lang='lat' dir='ltr'>vestra</span> <span class='ocrx_word' id='word_1_137' title='bbox 466 1897 536 1952; x_wconf 89' lang='lat' dir='ltr'>quae</span> <span class='ocrx_word' id='word_1_138' title='bbox 544 1887 612 1935; x_wconf 87' lang='lat' dir='ltr'>terra</span> <span class='ocrx_word' id='word_1_139' title='bbox 620 1877 728 1937; x_wconf 74' lang='lat' dir='ltr'>carina?</span> 
     </span>
    </p>

    <p class='ocr_par' dir='ltr' id='par_1_24' title="bbox 68 1953 861 2027">
     <span class='ocr_line' id='line_1_25' title="bbox 68 1953 861 2027; baseline 0.001 -19"><span class='ocrx_word' id='word_1_140' title='bbox 68 1953 141 2010; x_wconf 87' lang='lat' dir='ltr'>Talia</span> <span class='ocrx_word' id='word_1_141' title='bbox 150 1955 286 2027; x_wconf 83' lang='lat' dir='ltr'>quaerenti</span> <span class='ocrx_word' id='word_1_142' title='bbox 297 1955 350 2013; x_wconf 87' lang='lat' dir='ltr'>iam</span> <span class='ocrx_word' id='word_1_143' title='bbox 362 1974 416 2013; x_wconf 91' lang='lat' dir='ltr'>non</span> <span class='ocrx_word' id='word_1_144' title='bbox 425 1955 547 2016; x_wconf 81' lang='lat' dir='ltr'>hirsutus</span> <span class='ocrx_word' id='word_1_145' title='bbox 557 1956 666 2021; x_wconf 83' lang='lat' dir='ltr'>amictu,</span> <span class='ocrx_word' id='word_1_146' title='bbox 823 1968 861 2010; x_wconf 79' lang='grc'>115</span> 
     </span>
    </p>

    <p class='ocr_par' dir='ltr' id='par_1_25' title="bbox 68 2029 703 2106">
     <span class='ocr_line' id='line_1_26' title="bbox 68 2029 703 2106; baseline 0.008 -25"><span class='ocrx_word' id='word_1_147' title='bbox 68 2029 121 2082; x_wconf 89' lang='lat' dir='ltr'>iam</span> <span class='ocrx_word' id='word_1_148' title='bbox 132 2047 208 2094; x_wconf 85' lang='lat' dir='ltr'>suus,</span> <span class='ocrx_word' id='word_1_149' title='bbox 228 2031 347 2105; x_wconf 73' lang='lat' dir='ltr'>cispinis</span> <span class='ocrx_word' id='word_1_150' title='bbox 357 2037 476 2089; x_wconf 88' lang='lat' dir='ltr'>conserto</span> <span class='ocrx_word' id='word_1_151' title='bbox 486 2032 602 2106; x_wconf 80' lang='lat' dir='ltr'>tegmine</span> <span class='ocrx_word' id='word_1_152' title='bbox 612 2030 703 2096; x_wconf 85' lang='lat' dir='ltr'>nullis,</span> 
     </span>
    </p>

    <p class='ocr_par' dir='ltr' id='par_1_26' title="bbox 68 2100 783 2182">
     <span class='ocr_line' id='line_1_27' title="bbox 68 2100 783 2182; baseline 0.007 -28"><span class='ocrx_word' id='word_1_153' title='bbox 68 2100 138 2157; x_wconf 83' lang='lat' dir='ltr'>satur</span> <span class='ocrx_word' id='word_1_154' title='bbox 146 2104 369 2164; x_wconf 81' lang='lat' dir='ltr'>Achaemenides&#39;:</span> <span class='ocrx_word' id='word_1_155' title='bbox 389 2111 487 2164; x_wconf 84' lang='lat' dir='ltr'>lterum</span> <span class='ocrx_word' id='word_1_156' title='bbox 497 2107 679 2182; x_wconf 86' lang='lat' dir='ltr'>Polyphemon</span> <span class='ocrx_word' id='word_1_157' title='bbox 689 2114 715 2162; x_wconf 90' lang='lat' dir='ltr'>et</span> <span class='ocrx_word' id='word_1_158' title='bbox 723 2105 783 2161; x_wconf 86' lang='lat' dir='ltr'>iilos</span> 
     </span>
    </p>
   </div>
   <div class='ocr_carea' id='block_1_3' title="bbox 67 2174 861 2697">
    <p class='ocr_par' dir='ltr' id='par_1_27' title="bbox 68 2174 689 2244">
     <span class='ocr_line' id='line_1_28' title="bbox 68 2174 689 2244; baseline 0.014 -18"><span class='ocrx_word' id='word_1_159' title='bbox 68 2174 213 2244; x_wconf 85' lang='lat' dir='ltr'>adspiciam</span> <span class='ocrx_word' id='word_1_160' title='bbox 223 2177 319 2236; x_wconf 77' lang='lat' dir='ltr'>fluidos</span> <span class='ocrx_word' id='word_1_161' title='bbox 328 2182 447 2238; x_wconf 87' lang='lat' dir='ltr'>humano</span> <span class='ocrx_word' id='word_1_162' title='bbox 457 2200 504 2237; x_wconf 84' lang='lat' dir='ltr'>ean</span> <span class='ocrx_word' id='word_1_163' title='bbox 525 2183 689 2244; x_wconf 83' lang='lat' dir='ltr'>uinerictus,</span> 
     </span>
    </p>

    <p class='ocr_par' dir='ltr' id='par_1_28' title="bbox 68 2200 733 2333">
     <span class='ocr_line' id='line_1_29' title="bbox 68 2200 733 2333; baseline 0.009 -32"><span class='ocrx_word' id='word_1_164' title='bbox 68 2248 117 2333; x_wconf 80' lang='lat' dir='ltr'>hac</span> <span class='ocrx_word' id='word_1_165' title='bbox 126 2249 194 2333; x_wconf 82' lang='lat' dir='ltr'>mihi</span> <span class='ocrx_word' id='word_1_166' title='bbox 204 2251 228 2303; x_wconf 87' lang='lat' dir='ltr'>si</span> <span class='ocrx_word' id='word_1_167' title='bbox 237 2254 323 2322; x_wconf 88' lang='lat' dir='ltr'>potior</span> <span class='ocrx_word' id='word_1_168' title='bbox 331 2255 428 2312; x_wconf 87' lang='lat' dir='ltr'>domus</span> <span class='ocrx_word' id='word_1_169' title='bbox 437 2263 478 2311; x_wconf 86' lang='lat' dir='ltr'>est</span> <span class='ocrx_word' id='word_1_170' title='bbox 485 2200 625 2326; x_wconf 45' lang='lat' dir='ltr'>ltffiaceqne</span> <span class='ocrx_word' id='word_1_171' title='bbox 635 2254 733 2316; x_wconf 85' lang='lat' dir='ltr'>carina,</span> 
     </span>
    </p>

    <p class='ocr_par' dir='ltr' id='par_1_29' title="bbox 67 2323 861 2476">
     <span class='ocr_line' id='line_1_30' title="bbox 67 2323 861 2402; baseline 0 -26"><span class='ocrx_word' id='word_1_172' title='bbox 67 2341 91 2376; x_wconf 88' lang='lat' dir='ltr'>sr</span> <span class='ocrx_word' id='word_1_173' title='bbox 101 2339 193 2378; x_wconf 90' lang='lat' dir='ltr'>mrnus</span> <span class='ocrx_word' id='word_1_174' title='bbox 202 2323 307 2382; x_wconf 80' lang='lat' dir='ltr'>Aenean</span> <span class='ocrx_word' id='word_1_175' title='bbox 318 2345 428 2386; x_wconf 86' lang='lat' dir='ltr'>veneror</span> <span class='ocrx_word' id='word_1_176' title='bbox 435 2331 567 2402; x_wconf 75' lang='lat' dir='ltr'>genitore3</span> <span class='ocrx_word' id='word_1_177' title='bbox 589 2343 766 2396; x_wconf 82' lang='lat' dir='ltr'>necunquam</span> <span class='ocrx_word' id='word_1_178' title='bbox 823 2335 861 2377; x_wconf 83' lang='grc'>111</span> 
     </span>
     <span class='ocr_line' id='line_1_31' title="bbox 68 2398 756 2476; baseline 0.003 -25"><span class='ocrx_word' id='word_1_179' title='bbox 68 2415 125 2452; x_wconf 87' lang='lat' dir='ltr'>esse</span> <span class='ocrx_word' id='word_1_180' title='bbox 134 2398 198 2452; x_wconf 87' lang='lat' dir='ltr'>satis</span> <span class='ocrx_word' id='word_1_181' title='bbox 208 2406 306 2469; x_wconf 82' lang='lat' dir='ltr'>potero,</span> <span class='ocrx_word' id='word_1_182' title='bbox 317 2409 455 2476; x_wconf 32' lang='lat' dir='ltr'>,praestem</span> <span class='ocrx_word' id='word_1_183' title='bbox 468 2403 528 2458; x_wconf 89' lang='lat' dir='ltr'>licet</span> <span class='ocrx_word' id='word_1_184' title='bbox 536 2401 636 2466; x_wconf 88' lang='lat' dir='ltr'>omnia,</span> <span class='ocrx_word' id='word_1_185' title='bbox 655 2407 756 2472; x_wconf 79' lang='lat' dir='ltr'>gratae.</span> 
     </span>
    </p>

    <p class='ocr_par' dir='ltr' id='par_1_30' title="bbox 68 2471 790 2623">
     <span class='ocr_line' id='line_1_32' title="bbox 68 2471 790 2549; baseline 0 -21"><span class='ocrx_word' id='word_1_186' title='bbox 68 2472 145 2540; x_wconf 89' lang='lat' dir='ltr'>Quod</span> <span class='ocrx_word' id='word_1_187' title='bbox 154 2471 256 2544; x_wconf 91' lang='lat' dir='ltr'>loquor,</span> <span class='ocrx_word' id='word_1_188' title='bbox 276 2477 395 2546; x_wconf 87' lang='lat' dir='ltr'>etspiro,</span> <span class='ocrx_word' id='word_1_189' title='bbox 411 2476 568 2549; x_wconf 88' lang='lat' dir='ltr'>coelumque</span> <span class='ocrx_word' id='word_1_190' title='bbox 576 2485 601 2529; x_wconf 85' lang='lat' dir='ltr'>et</span> <span class='ocrx_word' id='word_1_191' title='bbox 611 2475 713 2529; x_wconf 87' lang='lat' dir='ltr'>lumina</span> <span class='ocrx_word' id='word_1_192' title='bbox 723 2473 790 2531; x_wconf 84' lang='lat' dir='ltr'>Solis</span> 
     </span>
     <span class='ocr_line' id='line_1_33' title="bbox 69 2546 776 2623; baseline 0.001 -22"><span class='ocrx_word' id='word_1_193' title='bbox 69 2548 195 2620; x_wconf 84' lang='lat' dir='ltr'>adspicio,</span> <span class='ocrx_word' id='word_1_194' title='bbox 216 2546 370 2620; x_wconf 87' lang='lat' dir='ltr'>(possumne</span> <span class='ocrx_word' id='word_1_195' title='bbox 379 2551 499 2623; x_wconf 82' lang='lat' dir='ltr'>ingratus</span> <span class='ocrx_word' id='word_1_196' title='bbox 509 2560 534 2605; x_wconf 90' lang='lat' dir='ltr'>et</span> <span class='ocrx_word' id='word_1_197' title='bbox 545 2551 683 2603; x_wconf 89' lang='lat' dir='ltr'>immemor</span> <span class='ocrx_word' id='word_1_198' title='bbox 692 2549 776 2621; x_wconf 75' lang='lat' dir='ltr'>ossei)</span> 
     </span>
    </p>

    <p class='ocr_par' dir='ltr' id='par_1_31' title="bbox 70 2621 787 2697">
     <span class='ocr_line' id='line_1_34' title="bbox 70 2621 787 2697; baseline 0.007 -22"><span class='ocrx_word' id='word_1_199' title='bbox 70 2621 114 2677; x_wconf 87' lang='lat' dir='ltr'>ille</span> <span class='ocrx_word' id='word_1_200' title='bbox 125 2621 211 2691; x_wconf 82' lang='lat' dir='ltr'>dedit3</span> <span class='ocrx_word' id='word_1_201' title='bbox 231 2623 787 2697; x_wconf 56' lang='lat' dir='ltr'>quodnoonnimanneouquonn&#39;xm</span> 
     </span>
    </p>
   </div>
   <div class='ocr_carea' id='block_1_4' title="bbox 0 0 946 2940">
    <p class='ocr_par' dir='ltr' id='par_1_32' title="bbox 0 0 946 2940">
     <span class='ocr_line' id='line_1_35' title="bbox 0 0 946 2940; baseline 0 0"><span class='ocrx_word' id='word_1_202' title='bbox 0 0 946 2940; x_wconf 95' lang='lat' dir='ltr'> </span> 
     </span>
    </p>
   </div>
  </div>
 </body>
</html>
