1874 2940
151 133 200 187 294
339 140 370 185 P.
391 138 519 187 ovum
536 141 703 189 NASONIS

196 337 348 395 LIBER
378 339 595 398 TERTIUS
625 341 854 398 DECIMUS.

152 448 305 513 Consedere
317 458 412 522 duces,
432 465 474 523 et,
494 457 570 532 vulgi
583 467 668 514 stante
678 478 783 526 corona,

150 532 238 606 surgit
248 531 281 588 ad
291 533 340 586 hos
350 531 436 603 clypei
445 532 571 586 dominus
581 534 760 605 septemplicis
771 535 849 590 Aiax.

150 605 238 678 thue
247 611 302 660 erat
311 605 453 675 impatiens
463 605 526 668 irae,
547 605 634 676 Sigeia
645 615 719 661 torvo

151 679 238 735 littora
247 678 376 748 respexit,
396 675 563 746 classemque
572 677 601 730 in
612 676 706 740 littore,
727 678 818 744 vultn;

97 765 108 804 t
151 752 345 820 intendensque
354 764 462 810 manue,
473 747 597 820 Agimus,
616 765 664 818 pro
674 750 781 819 Iupiter,
795 752 893 819 inquit,

150 833 210 879 ante
220 831 289 877 rates
296 837 433 888 caussam,
455 831 481 875 et
492 838 598 876 mecum
607 820 741 878 confertur
751 820 863 876 Ulixes?

150 897 184 952 At
194 913 247 951 non
257 894 388 948 Hectoreis
397 894 529 951 dubitavit
541 896 632 952 cedere
642 895 767 961 flammis,

150 988 219 1043 quas
229 968 419 1044 egosustinu13
440 970 796 1046 quashacaclaseelugavi.

150 1043 397 1119 Tutiusestigitur,
418 1045 487 1101 fictis
497 1046 653 1102 contendere
663 1047 762 1112 verbis,

96 1132 122 1176 to
150 1136 456 1195 quampugnaremanu.
467 1119 644 1178 Sednecmihi
654 1120 739 1177 dicere
748 1128 893 1193 promtum,

151 1213 199 1253 nec
209 1194 293 1252 lacere
301 1202 341 1252 est
352 1194 411 1251 isti:
432 1203 619 1268 quantumque
628 1213 677 1270 ego
688 1197 769 1252 Marte
778 1195 856 1251 feroci

150 1272 233 1344 inque
242 1271 298 1326 acie
309 1269 393 1336 valeo,
413 1271 597 1327 tantumvalet
607 1272 656 1326 isto
666 1270 807 1343 loquendo.

150 1347 205 1402 Nec
214 1344 383 1401 memoranda
393 1351 480 1400 tamen
492 1346 568 1401 vobis
579 1363 636 1400 mea
647 1344 723 1410 iacta,
744 1345 856 1417 Pelasgi,

150 1436 209 1475 esse
221 1437 292 1488 re0r;
313 1418 419 1473 vidistis
429 1420 516 1475 enim:
537 1437 585 1475 sua
596 1426 683 1474 namet
691 1419 791 1484 Ulixes,

98 1504 122 1545 15
151 1509 220 1565 quae
229 1493 287 1547 sinc
297 1499 361 1546 teste
369 1493 451 1564 gerit,
472 1509 588 1564 quorum
603 1511 656 1549 nox
665 1494 770 1548 conscia
780 1492 834 1547 sola
845 1501 893 1547 cst.

150 1565 269 1621 Praemia
279 1581 376 1638 magna
385 1565 438 1635 peti
449 1565 545 1621 fateor:
566 1566 611 1622 sed
621 1567 704 1620 demit
713 1567 840 1622 honorem

151 1639 283 1696 aemulus.
314 1638 387 1695 Aiaci
398 1656 452 1695 uon
464 1647 504 1694 est
513 1640 630 1695 tenuisse
642 1640 799 1711 superbum,

151 1715 186 1768 sit
196 1714 255 1769 licet
265 1714 428 1787 hocingens,
449 1713 583 1787 quidquid
593 1715 709 1786 speravit
719 1715 818 1770 Ulixes.

152 1787 202 1840 lste
211 1788 273 1842 tulit
281 1789 397 1859 pretium
408 1789 462 1844 iam
476 1807 548 1845 nunc
556 1788 708 1845 certaminis
717 1789 810 1852 huius,

97 1873 122 1914 2⁰
150 1859 236 1931 quod,
256 1878 343 1930 quum
351 1861 439 1916 victus
448 1864 510 1928 erit,
530 1881 636 1918 mecum
646 1869 759 1916 certasse
768 1859 874 1912 feretur.

151 1934 237 2003 Atque
246 1949 304 2004 ego,
325 1932 349 1986 si
358 1933 444 1986 virtus
454 1935 482 1988 in
493 1951 536 1988 me
544 1933 700 1989 dubitabilis
710 1937 788 1995 esset,

151 2004 286 2063 nobilitate
295 2011 496 2075 potenscsssm,
518 2006 659 2060 Telamone
668 2010 780 2066 creatus,

150 2079 254 2137 moenia
263 2077 312 2151 qui
322 2076 382 2133 lorti
392 2077 503 2133 Troiana
513 2079 565 2133 sub
573 2075 685 2132 Hercule
694 2076 776 2147 cepit:

150 2157 290 2229 littoraque
300 2151 408 2209 intravit
417 2152 547 2227 Pagasaea
556 2151 652 2208 Colcha
663 2151 762 2207 carina.

97 2244 121 2286 25
149 2233 251 2288 Aeacus
261 2230 324 2288 huic
332 2235 405 2301 pater
415 2234 463 2294 est,
484 2228 532 2300 qui
542 2227 600 2282 iura
613 2225 753 2282 silentibus
765 2227 820 2283 illic

150 2307 249 2371 reddit,
270 2304 317 2362 ubi
328 2301 452 2360 Aeoliden
466 2320 562 2360 saxum
572 2320 652 2377 grave
662 2301 796 2376 Sisyphon
806 2311 891 2377 urget.

150 2381 253 2438 Aeacon
264 2379 525 2455 agnoscitsummus,
546 2377 701 2451 prolemque
710 2377 806 2434 latetur

147 2456 250 2526 iupiter
259 2473 316 2510 esse
325 2471 413 2510 suam.
443 2453 581 2511 Sicalove
592 2455 683 2510 tertius
692 2452 770 2509 Aiax.

130 2529 192 2583 Nec
201 2536 294 2586 tamen
305 2530 373 2588 hoec
381 2529 466 2588 series
476 2530 504 2588 in
517 2549 639 2587 caussam
652 2530 749 2602 prosit,
770 2525 879 2592 Achivi3

54 2605 85 2644 M
112 2602 234 2659 simini
242 2623 310 2664 cum
324 2627 429 2688 magno
439 2628 498 2671 nou
508 2617 548 2671 est
557 2604 710 2669 communis
722 2600 831 2659 lclrille.
