1874 2940
130 145 505 194 unrnnonnuosnost
523 150 594 195 nin.
609 149 652 198 v1.
720 143 769 200 425

24 247 126 303 talibus
136 246 277 302 obscuram
286 255 402 303 resecuta
412 255 452 303 est
462 246 568 303 Pallada
578 249 668 305 dictis:

24 321 123 378 Mentis
135 321 223 393 inops,
243 320 583 396 longaquevenisconfecta
593 332 710 380 senecta:

24 406 52 452 et
62 396 180 451 nimium
190 396 291 452 vixisse
300 396 347 453 diu
358 405 442 454 nocet.
471 396 569 454 Audiat
579 398 652 465 istas,

25 473 49 527 si
60 488 115 543 qua
125 470 174 525 tibi
183 488 268 526 nurus
277 479 330 540 est,
350 472 373 526 si
383 490 437 545 qua
450 472 546 527 esttibi
556 473 621 539 filia,
641 490 729 528 voces.

25 545 138 602 Consilii
148 545 213 600 satis
222 553 261 601 est
270 546 300 601 in
309 564 353 602 me
361 548 445 602 mihi:
467 565 533 603 neve
543 547 675 603 monendo
796 557 822 603 tu

25 619 268 694 profecisseputas3
289 621 665 679 eademestsentantiancbis.

25 696 82 753 Cur
92 712 146 751 non
157 694 214 767 ipsa
224 694 316 752 venit?
333 713 382 752 cur
390 697 455 753 haec
463 697 605 753 certamina
615 696 698 755 vitat?

26 769 169 837 Tuncdea‚
185 770 272 836 Venit,
286 771 336 839 ait3
357 770 523 845 formamque
532 773 645 829 removit
654 772 766 842 anilem;

26 843 188 932 Palladaque
196 845 327 901 exhihuit.
335 847 500 903 Venerantur
508 848 620 903 numina
629 847 769 922 Nymphae

25 918 255 995 Mygdonidesque
264 936 365 976 nurus:
386 920 442 977 scia
452 929 492 978 cst
500 922 618 977 interrita
628 923 714 998 virgo.
796 933 821 978 45

26 994 308 1061 Sadamenembuit,
328 995 489 1070 subitusque
498 997 582 1053 invita
592 1000 693 1054 notavit

25 1069 180 1127 crarubor:
200 1071 479 1142 rursusqueevanuit:
499 1071 655 1128 utscletair

25 1161 178 1219 purpureus
188 1144 255 1211 fieri,
278 1162 365 1217 quum
373 1146 493 1218 primum
503 1145 605 1202 Aurora
617 1155 747 1214 movetur,

26 1229 51 1276 et
62 1221 143 1276 breve
151 1228 211 1293 post
220 1227 325 1293 tempus
337 1219 492 1276 candescere
501 1219 569 1276 Solis
579 1221 613 1274 ab
622 1227 691 1276 ortu.

25 1297 126 1352 Perstat
135 1295 164 1351 in
173 1296 286 1369 incepta,
307 1293 601 1368 stolidaequecupidine
610 1294 714 1366 palmae
798 1309 822 1351 5⁰

25 1371 54 1424 in
65 1387 115 1426 sua
124 1368 177 1426 iata
186 1372 249 1426 ruit.
279 1371 371 1442 Neque
381 1371 454 1426 enim
465 1372 526 1426 Iove
535 1375 596 1425 nata
605 1377 722 1425 recusat:

26 1463 75 1501 nec
84 1452 173 1501 monet
181 1445 303 1511 ulterius,
323 1445 435 1501 neciam
444 1444 690 1502 certamincdiffert.

26 1520 104 1576 Haud
113 1536 201 1591 mora3
222 1522 371 1578 consistunt
380 1520 493 1577 diversis
502 1521 624 1595 partibus
634 1522 737 1588 ambae,

26 1604 59 1667 et¹
93 1594 152 1650 acili
161 1596 282 1670 geminas
292 1596 434 1653 intendunt
443 1597 556 1653 stamine
565 1596 639 1652 telas.

26 1612 162 1745 Teiasiugo
171 1671 259 1727 vincta
268 1680 320 1728 est:
342 1680 444 1728 stamen
454 1673 566 1728 secernit
575 1672 690 1729 arundo:
797 1684 821 1725 55

25 1744 153 1802 inseritur
162 1746 280 1802 medium
290 1747 371 1803 radiis
381 1749 521 1804 subtemen
530 1747 629 1816 acutis;

26 1819 100 1894 quod
108 1819 185 1895 digiti
194 1822 347 1894 expediunt,
367 1829 446 1895 atque
455 1824 524 1878 inter
533 1822 647 1877 stamina
657 1821 767 1877 ductum

24 1911 153 1968 percusso
164 1895 262 1952 feriunt
270 1897 363 1952 insecti
373 1898 475 1969 pectine
484 1897 585 1952 dentes.

25 1971 143 2043 Utraque
152 1969 271 2027 festinat:
292 1972 446 2045 cinctasque
455 1972 600 2044 adpectcra
612 1978 698 2027 vestes

24 2045 134 2102 brachia
143 2045 219 2101 docta
227 2054 348 2113 movent,
369 2047 457 2103 studio
466 2046 572 2102 fallente
581 2046 708 2102 laborem.
797 2057 823 2102 σο

25 2119 83 2176 Illic
92 2126 118 2174 et
128 2120 240 2194 Tyrium
250 2139 319 2195 quae
327 2139 446 2195 purpura
456 2122 540 2178 sensit
552 2123 650 2178 sinum

25 2195 134 2260 texitur,
155 2203 181 2250 ct
189 2204 281 2252 tenues
293 2197 369 2270 parvi
378 2197 541 2252 discriminis
553 2196 678 2253 umbrae:

25 2268 115 2341 qualis
125 2269 159 2326 ab
168 2271 254 2326 imbre
263 2271 329 2328 solet
337 2286 481 2345 percussus
491 2271 593 2327 solibus
606 2288 683 2325 arcus

24 2344 133 2400 inficere
141 2345 242 2419 ingenti
254 2346 364 2422 longum
373 2347 529 2402 curvamine
538 2345 656 2402 coelum:

25 2420 56 2474 in
68 2436 123 2491 quo
132 2419 230 2476 diversi
241 2423 435 2495 niteantquum
445 2421 519 2477 mille
527 2420 636 2483 colores,
797 2430 821 2474 ts

25 2494 155 2550 transitus
164 2495 223 2567 ipse
232 2502 320 2552 tamen
330 2497 473 2569 spectantia
484 2495 586 2551 lumina
595 2493 672 2548 fallit.

25 2568 118 2643 Usque
137 2569 202 2626 adeo
220 2571 292 2642 quod
310 2573 395 2646 tangit
413 2572 483 2627 idem
497 2578 551 2626 est:
566 2565 774 2699 Quum

584 2661 611 2698 rs
677 2684 683 2696 .
