1904 2940
201 147 574 195 METAMORPHOSEON
593 151 664 193 LIB.
679 149 734 194 XV.
787 143 834 193 369

97 253 123 302 et
132 246 185 302 iem
196 264 249 303 non
259 246 350 313 telum,
372 247 418 302 sed
428 248 490 301 lenti
501 247 609 302 viminis
619 248 697 302 arbor

97 338 151 377 non
160 330 320 394 exspectatas
329 323 407 376 dabat
416 322 606 376 admirantibus
617 322 739 377 umbras:

56 406 60 411 '
97 401 144 451 aut
154 413 204 451 sue
212 395 337 451 fluminea
346 396 508 468 quumvidit
516 395 599 468 Cipus
610 396 638 450 in
647 396 720 451 unda
851 409 889 452 555

53 510 59 625 ἱ
96 485 205 534 cornua,
219 468 295 543 (vidit
304 469 396 543 enim,)
408 468 555 543 falsamque
564 470 593 525 in
603 470 718 544 imagine
727 470 835 549 eredens

96 542 254 609 meotidem,
274 542 364 616 digitis
374 543 407 599 ed
416 543 528 599 frontem
537 561 614 615 saepe
623 544 721 611 reluti's,

80 616 251 691 ‚quaevidit
272 617 371 691 tetigit:
392 635 440 672 nee
452 618 505 673 iam
515 636 564 673 sua
574 617 676 675 lumina
685 619 815 674 damnans

53 726 56 787 ἱ
96 691 206 758 restitit,
226 691 724 749 utvictordomitoveniebatabhoste:

53 816 55 823 .
97 763 405 838 adeoelumqueoeulos‚
425 768 550 824 eteodem
559 767 774 834 eornuatollens,
851 780 889 822 555

98 839 245 913 Quidquid,
265 839 311 906 ait,
332 840 435 912 Superi,
456 849 574 898 monstro
582 843 815 916 portenditurista¹

99 931 148 969 seu
158 913 254 970 laetum
263 921 311 981 eet,
330 915 429 986 patriae
439 914 536 971 laetum
545 917 697 990 populoque
707 918 822 986 Quirini,

53 1000 55 1033 ³
96 987 267 1055 siveminu,
286 988 354 1044 mihi
364 989 413 1045 sit:
434 989 790 1063 viridiqueecespideiactas

53 1092 57 1097 ·
100 1060 305 1136 placatodonatie
313 1064 438 1121 herbosas
447 1064 556 1140 ignibus
565 1081 634 1132 eras,

59 1139 69 1149 “
99 1137 215 1210 vinaque
224 1137 269 1194 dat
277 1139 385 1211 pateris,
404 1146 631 1212 mactatarumque
639 1138 788 1206 bidentum,
851 1153 889 1195 555

137 1212 166 1268 id
174 1212 226 1268 sibi
236 1213 395 1287 significent,
415 1213 570 1286 trepidantia
580 1212 694 1270 consulit
702 1222 771 1269 extu.

99 1229 172 1355 gnae
180 1287 263 1344 simul
271 1287 392 1362 adspexit
400 1288 551 1364 Tyrrhenae
558 1287 796 1365 gentisheruspex,

83 1362 779 1506 .statuuat?ttdzudattta
814 1456 816 1460 ·

99 1511 233 1584 apeeudis
242 1511 317 1568 tibris
326 1513 360 1569 ad
368 1513 428 1587 Cipi
439 1531 538 1571 eornua
548 1513 654 1571 lumen:
851 1526 889 1568 555

99 1585 165 1652 Rex,
185 1585 231 1653 ait,
252 1585 364 1644 oealve:
385 1588 434 1644 tihi
443 1590 525 1657 enim,
545 1590 604 1655 tibi,
626 1588 700 1661 cipe,
719 1589 827 1662 tuisque

99 1659 144 1716 hio
152 1659 226 1716 loeus
235 1661 357 1718 etLatiae
364 1663 496 1734 parebunt
504 1665 631 1720 cornibus
641 1680 723 1719 arces.

100 1735 141 1790 Tu
151 1734 229 1791 modo
238 1753 333 1810 rumpe
340 1755 438 1804 morae,
457 1745 599 1811 portasque
608 1739 705 1794 intrare
713 1744 830 1810 patentes

100 1824 259 1880 appropera:
272 1811 482 1869 sternutabant.
507 1814 629 1886 Namque
637 1812 708 1868 Urbe
717 1818 836 1884 receptu's

100 1881 217 1950 rexeris,
237 1889 372 1959 eteeeptro
382 1896 455 1943 tutus
464 1888 562 1960 potiere
570 1887 690 1959 perenni.
853 1900 890 1942 555

53 1960 59 1999 ι’
99 1956 197 2013 Retulit
206 1957 250 2015 ille
258 1960 362 2033 mdem,
382 1963 711 2036 torvamquaantoenibus
720 1962 799 2019 Urbis

100 2033 331 2104 avertensiaeiem,
350 2037 498 2105 Proculah,
518 2037 718 2111 proculomina,
739 2038 815 2102 dixit,

100 2105 160 2162 telin
170 2108 198 2163 dt
207 2108 315 2181 pellant,
336 2112 473 2186 multaque
482 2130 531 2188 ego
539 2114 637 2169 iustius
646 2130 741 2169 aevum

53 2186 55 2219 ²
99 2180 175 2237 exsul
185 2200 272 2256 agam,
293 2200 375 2254 quam
385 2204 428 2242 me
437 2187 544 2243 videant
553 2187 680 2260 Capitolia
690 2202 788 2258 regem.
828 2240 832 2252 ι

99 2254 183 2312 Dixit:
214 2265 240 2312 et
257 2257 389 2329 extemplo
407 2260 591 2336 populumque
611 2276 772 2335 gravemque
790 2258 837 2314 Se-

628 2341 720 2390 natum
852 2345 889 2390 555

100 2411 238 2460 convocat:
259 2411 319 2460 ante
329 2412 416 2462 tamen
425 2408 511 2478 pacali
519 2427 617 2466 cornua
627 2409 700 2465 lauro

101 2477 178 2543 velet,
199 2486 224 2532 et
233 2480 374 2555 aggeribus
385 2481 461 2539 saetis
470 2483 653 2542 annitentem
779 2548 782 2553 ¹

92 2551 202 2618 1'1181'821'8.
222 2559 372 2637 priscoque
382 2559 721 2633 deneemanemesatust

81 2622 141 2766 3³3
165 2629 212 2697 ⁸1⁸2,
236 2635 389 2716 hicunus,
412 2618 849 2745 quemuuen'nuffixffissffiss
903 2653 906 2657 ·

140 2732 192 2773 vm·
213 2721 303 2792 [11.
