<?xml version="1.0" encoding="UTF-8"?>
<!DOCTYPE html PUBLIC "-//W3C//DTD XHTML 1.0 Transitional//EN"
    "http://www.w3.org/TR/xhtml1/DTD/xhtml1-transitional.dtd">
<html xmlns="http://www.w3.org/1999/xhtml" xml:lang="en" lang="en">
 <head>
  <title>
</title>
<meta http-equiv="Content-Type" content="text/html;charset=utf-8" />
  <meta name='ocr-system' content='tesseract 3.04.00' />
  <meta name='ocr-capabilities' content='ocr_page ocr_carea ocr_par ocr_line ocrx_word'/>
</head>
<body>
  <div class='ocr_page' id='page_1' title='image "./povidiinasoniso01ovidgoog_0099.png"; bbox 0 0 1874 2940; ppageno 0'>
   <div class='ocr_carea' id='block_1_1' title="bbox 147 123 699 188">
    <p class='ocr_par' dir='ltr' id='par_1_1' title="bbox 147 123 699 188">
     <span class='ocr_line' id='line_1_1' title="bbox 147 123 699 188; baseline -0.007 -13"><span class='ocrx_word' id='word_1_1' title='bbox 147 123 180 177; x_wconf 76' lang='lat' dir='ltr'><strong>aa</strong></span> <span class='ocrx_word' id='word_1_2' title='bbox 329 126 359 172; x_wconf 75' lang='grc' dir='ltr'><strong>ι’.</strong></span> <span class='ocrx_word' id='word_1_3' title='bbox 380 125 699 188; x_wconf 42' lang='lat' dir='ltr'><strong>0v1n11uns0u1s,</strong></span> 
     </span>
    </p>
   </div>
   <div class='ocr_carea' id='block_1_2' title="bbox 92 223 898 2701">
    <p class='ocr_par' dir='ltr' id='par_1_2' title="bbox 93 223 883 669">
     <span class='ocr_line' id='line_1_2' title="bbox 148 223 883 301; baseline -0.005 -18"><span class='ocrx_word' id='word_1_4' title='bbox 148 227 269 301; x_wconf 87' lang='lat' dir='ltr'><strong>quidque</strong></span> <span class='ocrx_word' id='word_1_5' title='bbox 278 225 352 282; x_wconf 89' lang='lat' dir='ltr'><strong>velit.</strong></span> <span class='ocrx_word' id='word_1_6' title='bbox 381 227 459 294; x_wconf 87' lang='lat' dir='ltr'><strong>Quod</strong></span> <span class='ocrx_word' id='word_1_7' title='bbox 469 226 556 292; x_wconf 84' lang='lat' dir='ltr'><strong>vellet,</strong></span> <span class='ocrx_word' id='word_1_8' title='bbox 577 235 640 292; x_wconf 81' lang='lat' dir='ltr'><strong>arat,</strong></span> <span class='ocrx_word' id='word_1_9' title='bbox 662 244 696 282; x_wconf 90' lang='lat' dir='ltr'><strong>ne</strong></span> <span class='ocrx_word' id='word_1_10' title='bbox 705 225 777 299; x_wconf 82' lang='lat' dir='ltr'><strong>regia</strong></span> <span class='ocrx_word' id='word_1_11' title='bbox 787 223 883 280; x_wconf 86' lang='lat' dir='ltr'><strong>Cadmi</strong></span> 
     </span>
     <span class='ocr_line' id='line_1_3' title="bbox 93 300 875 371; baseline -0.006 -12"><span class='ocrx_word' id='word_1_12' title='bbox 93 312 132 359; x_wconf 79' lang='lat' dir='ltr'><strong>ltu</strong></span> <span class='ocrx_word' id='word_1_13' title='bbox 147 312 241 371; x_wconf 79' lang='lat' dir='ltr'><strong>staret3</strong></span> <span class='ocrx_word' id='word_1_14' title='bbox 262 309 288 357; x_wconf 90' lang='lat' dir='ltr'><strong>et</strong></span> <span class='ocrx_word' id='word_1_15' title='bbox 297 303 325 356; x_wconf 94' lang='lat' dir='ltr'><strong>in</strong></span> <span class='ocrx_word' id='word_1_16' title='bbox 339 301 443 358; x_wconf 87' lang='lat' dir='ltr'><strong>lacinus</strong></span> <span class='ocrx_word' id='word_1_17' title='bbox 453 303 584 357; x_wconf 87' lang='lat' dir='ltr'><strong>traherent</strong></span> <span class='ocrx_word' id='word_1_18' title='bbox 593 301 751 357; x_wconf 81' lang='lat' dir='ltr'><strong>Athamanta</strong></span> <span class='ocrx_word' id='word_1_19' title='bbox 761 300 875 356; x_wconf 82' lang='lat' dir='ltr'><strong>furores.</strong></span> 
     </span>
     <span class='ocr_line' id='line_1_4' title="bbox 146 376 874 450; baseline -0.005 -17"><span class='ocrx_word' id='word_1_20' title='bbox 146 378 303 450; x_wconf 79' lang='lat' dir='ltr'><strong>Imperium,</strong></span> <span class='ocrx_word' id='word_1_21' title='bbox 324 378 469 450; x_wconf 77' lang='lat' dir='ltr'><strong>promissa,</strong></span> <span class='ocrx_word' id='word_1_22' title='bbox 490 376 728 448; x_wconf 79' lang='lat' dir='ltr'><strong>praeessenlundit</strong></span> <span class='ocrx_word' id='word_1_23' title='bbox 739 377 874 440; x_wconf 86' lang='lat' dir='ltr'><strong>inunum,</strong></span> 
     </span>
     <span class='ocr_line' id='line_1_5' title="bbox 147 451 770 526; baseline -0.003 -19"><span class='ocrx_word' id='word_1_24' title='bbox 147 453 324 526; x_wconf 86' lang='lat' dir='ltr'><strong>sollicitatque</strong></span> <span class='ocrx_word' id='word_1_25' title='bbox 334 453 406 508; x_wconf 87' lang='lat' dir='ltr'><strong>deas.</strong></span> <span class='ocrx_word' id='word_1_26' title='bbox 436 451 480 506; x_wconf 87' lang='lat' dir='ltr'><strong>Sic</strong></span> <span class='ocrx_word' id='word_1_27' title='bbox 490 452 554 505; x_wconf 87' lang='lat' dir='ltr'><strong>haec</strong></span> <span class='ocrx_word' id='word_1_28' title='bbox 563 453 664 506; x_wconf 90' lang='lat' dir='ltr'><strong>lunone</strong></span> <span class='ocrx_word' id='word_1_29' title='bbox 675 451 770 518; x_wconf 89' lang='lat' dir='ltr'><strong>locuta,</strong></span> 
     </span>
     <span class='ocr_line' id='line_1_6' title="bbox 148 526 763 600; baseline -0.005 -17"><span class='ocrx_word' id='word_1_30' title='bbox 148 528 293 600; x_wconf 86' lang='lat' dir='ltr'><strong>Tisiphone</strong></span> <span class='ocrx_word' id='word_1_31' title='bbox 303 545 392 591; x_wconf 82' lang='lat' dir='ltr'><strong>canos,</strong></span> <span class='ocrx_word' id='word_1_32' title='bbox 413 533 443 580; x_wconf 90' lang='lat' dir='ltr'><strong>ut</strong></span> <span class='ocrx_word' id='word_1_33' title='bbox 455 533 510 580; x_wconf 89' lang='lat' dir='ltr'><strong>erat</strong></span> <span class='ocrx_word' id='word_1_34' title='bbox 520 527 633 591; x_wconf 89' lang='lat' dir='ltr'><strong>turbata,</strong></span> <span class='ocrx_word' id='word_1_35' title='bbox 654 526 763 596; x_wconf 78' lang='lat' dir='ltr'><strong>capillos</strong></span> 
     </span>
     <span class='ocr_line' id='line_1_7' title="bbox 148 600 779 669; baseline -0.008 -9"><span class='ocrx_word' id='word_1_36' title='bbox 148 605 247 669; x_wconf 81' lang='lat' dir='ltr'><strong>movit,</strong></span> <span class='ocrx_word' id='word_1_37' title='bbox 268 610 293 657; x_wconf 91' lang='lat' dir='ltr'><strong>et</strong></span> <span class='ocrx_word' id='word_1_38' title='bbox 302 603 436 657; x_wconf 85' lang='lat' dir='ltr'><strong>obstantes</strong></span> <span class='ocrx_word' id='word_1_39' title='bbox 446 601 536 655; x_wconf 86' lang='lat' dir='ltr'><strong>reiecit</strong></span> <span class='ocrx_word' id='word_1_40' title='bbox 545 601 578 655; x_wconf 93' lang='lat' dir='ltr'><strong>ab</strong></span> <span class='ocrx_word' id='word_1_41' title='bbox 588 618 632 656; x_wconf 83' lang='lat' dir='ltr'><strong>ore</strong></span> <span class='ocrx_word' id='word_1_42' title='bbox 641 600 779 656; x_wconf 89' lang='lat' dir='ltr'><strong>colubras:</strong></span> 
     </span>
    </p>

    <p class='ocr_par' dir='ltr' id='par_1_3' title="bbox 93 675 895 896">
     <span class='ocr_line' id='line_1_8' title="bbox 93 675 895 751; baseline -0.004 -17"><span class='ocrx_word' id='word_1_43' title='bbox 93 686 133 734; x_wconf 76' lang='grc'><strong>415</strong></span> <span class='ocrx_word' id='word_1_44' title='bbox 148 687 228 751; x_wconf 85' lang='lat' dir='ltr'><strong>atque</strong></span> <span class='ocrx_word' id='word_1_45' title='bbox 238 679 288 743; x_wconf 86' lang='lat' dir='ltr'><strong>ita,</strong></span> <span class='ocrx_word' id='word_1_46' title='bbox 308 676 367 730; x_wconf 90' lang='lat' dir='ltr'><strong>Non</strong></span> <span class='ocrx_word' id='word_1_47' title='bbox 380 675 772 748; x_wconf 82' lang='lat' dir='ltr'><strong>longisopusestambagibus‚</strong></span> <span class='ocrx_word' id='word_1_48' title='bbox 794 676 895 748; x_wconf 85' lang='lat' dir='ltr'><strong>inquit.</strong></span> 
     </span>
     <span class='ocr_line' id='line_1_9' title="bbox 147 748 895 824; baseline 0 -16"><span class='ocrx_word' id='word_1_49' title='bbox 147 756 225 809; x_wconf 88' lang='lat' dir='ltr'><strong>Facta</strong></span> <span class='ocrx_word' id='word_1_50' title='bbox 235 758 309 824; x_wconf 85' lang='lat' dir='ltr'><strong>puta,</strong></span> <span class='ocrx_word' id='word_1_51' title='bbox 328 766 505 822; x_wconf 88' lang='lat' dir='ltr'><strong>quaecunque</strong></span> <span class='ocrx_word' id='word_1_52' title='bbox 515 750 605 805; x_wconf 88' lang='lat' dir='ltr'><strong>iubes:</strong></span> <span class='ocrx_word' id='word_1_53' title='bbox 627 748 771 804; x_wconf 89' lang='lat' dir='ltr'><strong>inamabile</strong></span> <span class='ocrx_word' id='word_1_54' title='bbox 780 767 895 823; x_wconf 83' lang='lat' dir='ltr'><strong>regnum</strong></span> 
     </span>
     <span class='ocr_line' id='line_1_10' title="bbox 148 822 767 896; baseline -0.01 -12"><span class='ocrx_word' id='word_1_55' title='bbox 148 829 247 890; x_wconf 87' lang='lat' dir='ltr'><strong>desere,</strong></span> <span class='ocrx_word' id='word_1_56' title='bbox 269 832 347 896; x_wconf 86' lang='lat' dir='ltr'><strong>teque</strong></span> <span class='ocrx_word' id='word_1_57' title='bbox 357 822 423 880; x_wconf 81' lang='lat' dir='ltr'><strong>refer</strong></span> <span class='ocrx_word' id='word_1_58' title='bbox 433 825 498 880; x_wconf 89' lang='lat' dir='ltr'><strong>eoeli</strong></span> <span class='ocrx_word' id='word_1_59' title='bbox 509 824 625 880; x_wconf 88' lang='lat' dir='ltr'><strong>melioris</strong></span> <span class='ocrx_word' id='word_1_60' title='bbox 635 824 767 879; x_wconf 88' lang='lat' dir='ltr'><strong>adauras.</strong></span> 
     </span>
    </p>

    <p class='ocr_par' dir='ltr' id='par_1_4' title="bbox 147 899 894 1048">
     <span class='ocr_line' id='line_1_11' title="bbox 184 899 894 972; baseline -0.001 -16"><span class='ocrx_word' id='word_1_61' title='bbox 184 903 263 956; x_wconf 86' lang='lat' dir='ltr'><strong>Laeta</strong></span> <span class='ocrx_word' id='word_1_62' title='bbox 272 899 340 954; x_wconf 90' lang='lat' dir='ltr'><strong>redit</strong></span> <span class='ocrx_word' id='word_1_63' title='bbox 349 901 429 956; x_wconf 92' lang='lat' dir='ltr'><strong>luno:</strong></span> <span class='ocrx_word' id='word_1_64' title='bbox 444 917 527 972; x_wconf 91' lang='lat' dir='ltr'><strong>quam</strong></span> <span class='ocrx_word' id='word_1_65' title='bbox 536 899 639 956; x_wconf 82' lang='lat' dir='ltr'><strong>caelum</strong></span> <span class='ocrx_word' id='word_1_66' title='bbox 650 903 747 954; x_wconf 85' lang='lat' dir='ltr'><strong>intrare</strong></span> <span class='ocrx_word' id='word_1_67' title='bbox 757 908 894 971; x_wconf 85' lang='lat' dir='ltr'><strong>parantem</strong></span> 
     </span>
     <span class='ocr_line' id='line_1_12' title="bbox 147 974 736 1048; baseline -0.002 -17"><span class='ocrx_word' id='word_1_68' title='bbox 147 976 241 1032; x_wconf 88' lang='lat' dir='ltr'><strong>roratis</strong></span> <span class='ocrx_word' id='word_1_69' title='bbox 251 974 375 1031; x_wconf 77' lang='lat' dir='ltr'><strong>lustravit</strong></span> <span class='ocrx_word' id='word_1_70' title='bbox 384 976 462 1048; x_wconf 88' lang='lat' dir='ltr'><strong>aquis</strong></span> <span class='ocrx_word' id='word_1_71' title='bbox 475 975 667 1031; x_wconf 77' lang='lat' dir='ltr'>Thaumantias</span> <span class='ocrx_word' id='word_1_72' title='bbox 677 976 736 1030; x_wconf 78' lang='lat' dir='ltr'><strong>luis.</strong></span> 
     </span>
    </p>

    <p class='ocr_par' dir='ltr' id='par_1_5' title="bbox 94 1050 883 1429">
     <span class='ocr_line' id='line_1_13' title="bbox 94 1050 883 1125; baseline -0.003 -19"><span class='ocrx_word' id='word_1_73' title='bbox 94 1060 134 1107; x_wconf 79' lang='lat' dir='ltr'><strong>tau</strong></span> <span class='ocrx_word' id='word_1_74' title='bbox 148 1054 301 1120; x_wconf 81' lang='lat' dir='ltr'><strong>Neemora3</strong></span> <span class='ocrx_word' id='word_1_75' title='bbox 322 1051 467 1123; x_wconf 75' lang='lat' dir='ltr'><strong>Tisiphone</strong></span> <span class='ocrx_word' id='word_1_76' title='bbox 477 1050 649 1107; x_wconf 88' lang='lat' dir='ltr'><strong>madelactam</strong></span> <span class='ocrx_word' id='word_1_77' title='bbox 659 1050 790 1125; x_wconf 80' lang='lat' dir='ltr'><strong>sanguine</strong></span> <span class='ocrx_word' id='word_1_78' title='bbox 799 1051 883 1105; x_wconf 91' lang='lat' dir='ltr'><strong>sumit</strong></span> 
     </span>
     <span class='ocr_line' id='line_1_14' title="bbox 148 1125 820 1201; baseline -0.003 -18"><span class='ocrx_word' id='word_1_79' title='bbox 148 1128 301 1200; x_wconf 89' lang='lat' dir='ltr'><strong>importuna</strong></span> <span class='ocrx_word' id='word_1_80' title='bbox 311 1125 409 1183; x_wconf 87' lang='lat' dir='ltr'><strong>laeem·</strong></span> <span class='ocrx_word' id='word_1_81' title='bbox 430 1126 567 1201; x_wconf 78' lang='lat' dir='ltr'><strong>fluidoque</strong></span> <span class='ocrx_word' id='word_1_82' title='bbox 575 1145 669 1184; x_wconf 86' lang='lat' dir='ltr'><strong>eruore</strong></span> <span class='ocrx_word' id='word_1_83' title='bbox 680 1127 820 1183; x_wconf 90' lang='lat' dir='ltr'><strong>rubentem</strong></span> 
     </span>
     <span class='ocr_line' id='line_1_15' title="bbox 148 1202 800 1280; baseline 0 -22"><span class='ocrx_word' id='word_1_84' title='bbox 148 1204 270 1259; x_wconf 90' lang='lat' dir='ltr'><strong>induitur</strong></span> <span class='ocrx_word' id='word_1_85' title='bbox 279 1202 392 1277; x_wconf 86' lang='lat' dir='ltr'><strong>pallam;</strong></span> <span class='ocrx_word' id='word_1_86' title='bbox 413 1204 800 1280; x_wconf 78' lang='lat' dir='ltr'><strong>tortoqueineingiturangue:</strong></span> 
     </span>
     <span class='ocr_line' id='line_1_16' title="bbox 148 1280 837 1354; baseline -0.004 -18"><span class='ocrx_word' id='word_1_87' title='bbox 148 1280 335 1354; x_wconf 82' lang='lat' dir='ltr'><strong>egrediturque</strong></span> <span class='ocrx_word' id='word_1_88' title='bbox 344 1280 434 1338; x_wconf 90' lang='lat' dir='ltr'><strong>domo.</strong></span> <span class='ocrx_word' id='word_1_89' title='bbox 461 1281 837 1343; x_wconf 75' lang='lat' dir='ltr'><strong>Lustusnomiutureuntem</strong></span> 
     </span>
     <span class='ocr_line' id='line_1_17' title="bbox 149 1353 826 1429; baseline -0.003 -19"><span class='ocrx_word' id='word_1_90' title='bbox 149 1364 175 1410; x_wconf 88' lang='lat' dir='ltr'><strong>et</strong></span> <span class='ocrx_word' id='word_1_91' title='bbox 184 1358 278 1422; x_wconf 83' lang='lat' dir='ltr'><strong>Pavor,</strong></span> <span class='ocrx_word' id='word_1_92' title='bbox 298 1365 324 1412; x_wconf 86' lang='lat' dir='ltr'><strong>et</strong></span> <span class='ocrx_word' id='word_1_93' title='bbox 333 1358 436 1422; x_wconf 86' lang='lat' dir='ltr'><strong>Terror,</strong></span> <span class='ocrx_word' id='word_1_94' title='bbox 457 1357 612 1429; x_wconf 83' lang='lat' dir='ltr'><strong>trepidoque</strong></span> <span class='ocrx_word' id='word_1_95' title='bbox 623 1357 728 1412; x_wconf 91' lang='lat' dir='ltr'><strong>lnsania</strong></span> <span class='ocrx_word' id='word_1_96' title='bbox 737 1353 826 1411; x_wconf 87' lang='lat' dir='ltr'><strong>vultu.</strong></span> 
     </span>
    </p>

    <p class='ocr_par' dir='ltr' id='par_1_6' title="bbox 95 1431 835 1798">
     <span class='ocr_line' id='line_1_18' title="bbox 95 1431 822 1500; baseline 0.001 -17"><span class='ocrx_word' id='word_1_97' title='bbox 95 1437 134 1484; x_wconf 83' lang='grc'><strong>485</strong></span> <span class='ocrx_word' id='word_1_98' title='bbox 149 1431 254 1484; x_wconf 91' lang='lat' dir='ltr'><strong>Limine</strong></span> <span class='ocrx_word' id='word_1_99' title='bbox 263 1434 428 1486; x_wconf 87' lang='lat' dir='ltr'><strong>eonstiterut:</strong></span> <span class='ocrx_word' id='word_1_100' title='bbox 449 1440 537 1500; x_wconf 88' lang='lat' dir='ltr'><strong>postes</strong></span> <span class='ocrx_word' id='word_1_101' title='bbox 548 1433 689 1486; x_wconf 90' lang='lat' dir='ltr'><strong>tremuisse</strong></span> <span class='ocrx_word' id='word_1_102' title='bbox 698 1431 822 1485; x_wconf 81' lang='lat' dir='ltr'><strong>seruntur</strong></span> 
     </span>
     <span class='ocr_line' id='line_1_19' title="bbox 149 1503 720 1574; baseline 0 -16"><span class='ocrx_word' id='word_1_103' title='bbox 149 1503 247 1570; x_wconf 78' lang='lat' dir='ltr'><strong>Aeolii3</strong></span> <span class='ocrx_word' id='word_1_104' title='bbox 269 1503 407 1574; x_wconf 89' lang='lat' dir='ltr'><strong>pallorque</strong></span> <span class='ocrx_word' id='word_1_105' title='bbox 418 1503 485 1559; x_wconf 87' lang='lat' dir='ltr'><strong>lares</strong></span> <span class='ocrx_word' id='word_1_106' title='bbox 497 1504 587 1559; x_wconf 90' lang='lat' dir='ltr'><strong>inlecit</strong></span> <span class='ocrx_word' id='word_1_107' title='bbox 597 1523 720 1560; x_wconf 84' lang='lat' dir='ltr'><strong>acernus:</strong></span> 
     </span>
     <span class='ocr_line' id='line_1_20' title="bbox 150 1575 835 1650; baseline -0.006 -18"><span class='ocrx_word' id='word_1_108' title='bbox 150 1576 243 1648; x_wconf 90' lang='lat' dir='ltr'><strong>solque</strong></span> <span class='ocrx_word' id='word_1_109' title='bbox 254 1576 341 1631; x_wconf 86' lang='lat' dir='ltr'><strong>lecum</strong></span> <span class='ocrx_word' id='word_1_110' title='bbox 352 1577 430 1650; x_wconf 80' lang='lat' dir='ltr'><strong>fugit.</strong></span> <span class='ocrx_word' id='word_1_111' title='bbox 459 1579 585 1632; x_wconf 77' lang='lat' dir='ltr'><strong>Monstris</strong></span> <span class='ocrx_word' id='word_1_112' title='bbox 596 1579 718 1632; x_wconf 83' lang='lat' dir='ltr'><strong>exterrita</strong></span> <span class='ocrx_word' id='word_1_113' title='bbox 727 1575 835 1640; x_wconf 82' lang='lat' dir='ltr'><strong>coniux,</strong></span> 
     </span>
     <span class='ocr_line' id='line_1_21' title="bbox 150 1649 826 1722; baseline -0.003 -17"><span class='ocrx_word' id='word_1_114' title='bbox 150 1651 257 1705; x_wconf 88' lang='lat' dir='ltr'><strong>territus</strong></span> <span class='ocrx_word' id='word_1_115' title='bbox 268 1657 308 1705; x_wconf 84' lang='lat' dir='ltr'><strong>est</strong></span> <span class='ocrx_word' id='word_1_116' title='bbox 317 1650 457 1705; x_wconf 81' lang='lat' dir='ltr'><strong>Athamas:</strong></span> <span class='ocrx_word' id='word_1_117' title='bbox 479 1649 826 1722; x_wconf 83' lang='lat' dir='ltr'><strong>tectoqueexireparabant.</strong></span> 
     </span>
     <span class='ocr_line' id='line_1_22' title="bbox 151 1723 827 1798; baseline -0.003 -17"><span class='ocrx_word' id='word_1_118' title='bbox 151 1725 259 1781; x_wconf 86' lang='lat' dir='ltr'><strong>Obstitit</strong></span> <span class='ocrx_word' id='word_1_119' title='bbox 268 1724 372 1790; x_wconf 84' lang='lat' dir='ltr'><strong>inlelix,</strong></span> <span class='ocrx_word' id='word_1_120' title='bbox 393 1725 549 1794; x_wconf 78' lang='lat' dir='ltr'><strong>aditumque</strong></span> <span class='ocrx_word' id='word_1_121' title='bbox 562 1724 673 1789; x_wconf 75' lang='lat' dir='ltr'>obsedit,</span> <span class='ocrx_word' id='word_1_122' title='bbox 694 1723 827 1798; x_wconf 86' lang='lat' dir='ltr'>Erinnys:</span> 
     </span>
    </p>

    <p class='ocr_par' dir='ltr' id='par_1_7' title="bbox 97 1796 896 2098">
     <span class='ocr_line' id='line_1_23' title="bbox 97 1796 774 1873; baseline -0.006 -17"><span class='ocrx_word' id='word_1_123' title='bbox 97 1810 136 1857; x_wconf 79' lang='lat' dir='ltr'><strong>teu</strong></span> <span class='ocrx_word' id='word_1_124' title='bbox 151 1818 272 1873; x_wconf 80' lang='lat' dir='ltr'><strong>nexaque</strong></span> <span class='ocrx_word' id='word_1_125' title='bbox 281 1800 395 1873; x_wconf 80' lang='lat' dir='ltr'>vipereis</span> <span class='ocrx_word' id='word_1_126' title='bbox 405 1799 559 1854; x_wconf 87' lang='lat' dir='ltr'><strong>distendens</strong></span> <span class='ocrx_word' id='word_1_127' title='bbox 568 1798 676 1854; x_wconf 86' lang='lat' dir='ltr'><strong>brachia</strong></span> <span class='ocrx_word' id='word_1_128' title='bbox 687 1796 774 1864; x_wconf 79' lang='lat' dir='ltr'><strong>nudis,</strong></span> 
     </span>
     <span class='ocr_line' id='line_1_24' title="bbox 151 1871 810 1932; baseline -0.002 0"><span class='ocrx_word' id='word_1_129' title='bbox 151 1877 293 1932; x_wconf 87' lang='lat' dir='ltr'><strong>caesariem</strong></span> <span class='ocrx_word' id='word_1_130' title='bbox 302 1876 429 1932; x_wconf 84' lang='lat' dir='ltr'><strong>excussit.</strong></span> <span class='ocrx_word' id='word_1_131' title='bbox 459 1871 810 1931; x_wconf 86' lang='lat' dir='ltr'><strong>Motaesonuereeolubrae:</strong></span> 
     </span>
     <span class='ocr_line' id='line_1_25' title="bbox 150 1948 896 2025; baseline -0.003 -20"><span class='ocrx_word' id='word_1_132' title='bbox 150 1968 267 2025; x_wconf 86' lang='lat' dir='ltr'><strong>parsque</strong></span> <span class='ocrx_word' id='word_1_133' title='bbox 276 1950 361 2005; x_wconf 89' lang='lat' dir='ltr'><strong>iaeent</strong></span> <span class='ocrx_word' id='word_1_134' title='bbox 366 1949 494 2012; x_wconf 83' lang='lat' dir='ltr'><strong>humeris,</strong></span> <span class='ocrx_word' id='word_1_135' title='bbox 502 1965 563 2021; x_wconf 88' lang='lat' dir='ltr'><strong>pars</strong></span> <span class='ocrx_word' id='word_1_136' title='bbox 570 1948 672 2002; x_wconf 86' lang='lat' dir='ltr'><strong>circum</strong></span> <span class='ocrx_word' id='word_1_137' title='bbox 683 1954 797 2021; x_wconf 86' lang='lat' dir='ltr'><strong>tempora</strong></span> <span class='ocrx_word' id='word_1_138' title='bbox 808 1950 896 2020; x_wconf 81' lang='lat' dir='ltr'>lapsae</span> 
     </span>
     <span class='ocr_line' id='line_1_26' title="bbox 151 2021 896 2098; baseline 0 -17"><span class='ocrx_word' id='word_1_139' title='bbox 151 2024 230 2082; x_wconf 86' lang='lat' dir='ltr'><strong>sibila</strong></span> <span class='ocrx_word' id='word_1_140' title='bbox 248 2024 330 2092; x_wconf 84' lang='lat' dir='ltr'><strong>dant,</strong></span> <span class='ocrx_word' id='word_1_141' title='bbox 350 2026 507 2097; x_wconf 76' lang='lat' dir='ltr'><strong>saniemque</strong></span> <span class='ocrx_word' id='word_1_142' title='bbox 525 2030 651 2088; x_wconf 86' lang='lat' dir='ltr'><strong>vomunt,</strong></span> <span class='ocrx_word' id='word_1_143' title='bbox 673 2021 832 2098; x_wconf 81' lang='lat' dir='ltr'><strong>linguasque</strong></span> <span class='ocrx_word' id='word_1_144' title='bbox 852 2031 896 2080; x_wconf 63' lang='lat'><strong>004</strong></span> 
     </span>
    </p>

    <p class='ocr_par' dir='ltr' id='par_1_8' title="bbox 152 2108 770 2249">
     <span class='ocr_line' id='line_1_27' title="bbox 632 2108 751 2155; baseline 0.017 -2"><span class='ocrx_word' id='word_1_145' title='bbox 632 2108 751 2155; x_wconf 87' lang='lat' dir='ltr'><strong>ruseant.</strong></span> 
     </span>
     <span class='ocr_line' id='line_1_28' title="bbox 152 2172 770 2249; baseline -0.002 -18"><span class='ocrx_word' id='word_1_146' title='bbox 152 2175 216 2232; x_wconf 90' lang='lat' dir='ltr'><strong>Inde</strong></span> <span class='ocrx_word' id='word_1_147' title='bbox 225 2175 293 2232; x_wconf 88' lang='lat' dir='ltr'><strong>dues</strong></span> <span class='ocrx_word' id='word_1_148' title='bbox 303 2173 399 2229; x_wconf 82' lang='lat' dir='ltr'><strong>mediis</strong></span> <span class='ocrx_word' id='word_1_149' title='bbox 409 2173 517 2245; x_wconf 80' lang='lat' dir='ltr'><strong>abrupit</strong></span> <span class='ocrx_word' id='word_1_150' title='bbox 524 2172 644 2229; x_wconf 84' lang='lat' dir='ltr'><strong>crinibus</strong></span> <span class='ocrx_word' id='word_1_151' title='bbox 655 2192 770 2249; x_wconf 80' lang='lat' dir='ltr'><strong>angues,</strong></span> 
     </span>
    </p>

    <p class='ocr_par' dir='ltr' id='par_1_9' title="bbox 97 2249 898 2624">
     <span class='ocr_line' id='line_1_29' title="bbox 97 2249 763 2323; baseline -0.005 -16"><span class='ocrx_word' id='word_1_152' title='bbox 97 2259 137 2307; x_wconf 77' lang='grc'><strong>445</strong></span> <span class='ocrx_word' id='word_1_153' title='bbox 152 2249 328 2323; x_wconf 85' lang='lat' dir='ltr'><strong>pestiferaque</strong></span> <span class='ocrx_word' id='word_1_154' title='bbox 337 2266 420 2304; x_wconf 92' lang='lat' dir='ltr'><strong>manu</strong></span> <span class='ocrx_word' id='word_1_155' title='bbox 430 2257 518 2320; x_wconf 82' lang='lat' dir='ltr'><strong>raptos</strong></span> <span class='ocrx_word' id='word_1_156' title='bbox 529 2249 651 2305; x_wconf 81' lang='lat' dir='ltr'><strong>immisit.</strong></span> <span class='ocrx_word' id='word_1_157' title='bbox 681 2251 715 2306; x_wconf 79' lang='lat' dir='ltr'><strong>At</strong></span> <span class='ocrx_word' id='word_1_158' title='bbox 724 2251 763 2306; x_wconf 92' lang='lat' dir='ltr'><strong>illi</strong></span> 
     </span>
     <span class='ocr_line' id='line_1_30' title="bbox 153 2324 804 2400; baseline -0.002 -17"><span class='ocrx_word' id='word_1_159' title='bbox 153 2329 284 2400; x_wconf 83' lang='lat' dir='ltr'><strong>innosque</strong></span> <span class='ocrx_word' id='word_1_160' title='bbox 294 2326 380 2389; x_wconf 86' lang='lat' dir='ltr'><strong>sinus,</strong></span> <span class='ocrx_word' id='word_1_161' title='bbox 402 2324 643 2397; x_wconf 73' lang='lat' dir='ltr'><strong>Athamanteosque</strong></span> <span class='ocrx_word' id='word_1_162' title='bbox 656 2333 804 2398; x_wconf 87' lang='lat' dir='ltr'><strong>pererrant;</strong></span> 
     </span>
     <span class='ocr_line' id='line_1_31' title="bbox 152 2399 898 2475; baseline -0.005 -18"><span class='ocrx_word' id='word_1_163' title='bbox 152 2403 338 2475; x_wconf 82' lang='lat' dir='ltr'><strong>inspirantque</strong></span> <span class='ocrx_word' id='word_1_164' title='bbox 346 2417 442 2475; x_wconf 81' lang='lat' dir='ltr'><strong>graves</strong></span> <span class='ocrx_word' id='word_1_165' title='bbox 452 2400 569 2456; x_wconf 89' lang='lat' dir='ltr'><strong>animos:</strong></span> <span class='ocrx_word' id='word_1_166' title='bbox 591 2419 639 2456; x_wconf 87' lang='lat' dir='ltr'><strong>nee</strong></span> <span class='ocrx_word' id='word_1_167' title='bbox 650 2401 759 2457; x_wconf 87' lang='lat' dir='ltr'><strong>vulnera</strong></span> <span class='ocrx_word' id='word_1_168' title='bbox 770 2399 898 2455; x_wconf 90' lang='lat' dir='ltr'><strong>membris</strong></span> 
     </span>
     <span class='ocr_line' id='line_1_32' title="bbox 153 2475 845 2548; baseline -0.007 -16"><span class='ocrx_word' id='word_1_169' title='bbox 153 2476 323 2534; x_wconf 86' lang='lat' dir='ltr'><strong>ullalerunt:</strong></span> <span class='ocrx_word' id='word_1_170' title='bbox 344 2493 420 2532; x_wconf 90' lang='lat' dir='ltr'><strong>mens</strong></span> <span class='ocrx_word' id='word_1_171' title='bbox 432 2483 480 2542; x_wconf 78' lang='lat' dir='ltr'><strong>est,</strong></span> <span class='ocrx_word' id='word_1_172' title='bbox 501 2493 571 2548; x_wconf 90' lang='lat' dir='ltr'><strong>quae</strong></span> <span class='ocrx_word' id='word_1_173' title='bbox 580 2475 651 2533; x_wconf 88' lang='lat' dir='ltr'><strong>diros</strong></span> <span class='ocrx_word' id='word_1_174' title='bbox 661 2479 757 2533; x_wconf 89' lang='lat' dir='ltr'><strong>sentiat</strong></span> <span class='ocrx_word' id='word_1_175' title='bbox 766 2477 845 2530; x_wconf 88' lang='lat' dir='ltr'><strong>ictus.</strong></span> 
     </span>
     <span class='ocr_line' id='line_1_33' title="bbox 153 2550 854 2624; baseline -0.003 -18"><span class='ocrx_word' id='word_1_176' title='bbox 153 2550 283 2608; x_wconf 80' lang='lat' dir='ltr'><strong>Attulerat</strong></span> <span class='ocrx_word' id='word_1_177' title='bbox 293 2570 384 2608; x_wconf 88' lang='lat' dir='ltr'><strong>secum</strong></span> <span class='ocrx_word' id='word_1_178' title='bbox 394 2551 489 2624; x_wconf 90' lang='lat' dir='ltr'><strong>liquidi</strong></span> <span class='ocrx_word' id='word_1_179' title='bbox 502 2569 610 2624; x_wconf 89' lang='lat' dir='ltr'><strong>quoque</strong></span> <span class='ocrx_word' id='word_1_180' title='bbox 620 2560 738 2608; x_wconf 86' lang='lat' dir='ltr'><strong>menstra</strong></span> <span class='ocrx_word' id='word_1_181' title='bbox 749 2550 854 2616; x_wconf 87' lang='lat' dir='ltr'><strong>veneni,</strong></span> 
     </span>
    </p>

    <p class='ocr_par' dir='ltr' id='par_1_10' title="bbox 92 2626 757 2701">
     <span class='ocr_line' id='line_1_34' title="bbox 92 2626 757 2701; baseline 0.005 -25"><span class='ocrx_word' id='word_1_182' title='bbox 92 2639 137 2677; x_wconf 70' lang='lat' dir='ltr'><strong>saa</strong></span> <span class='ocrx_word' id='word_1_183' title='bbox 149 2626 206 2680; x_wconf 84' lang='lat' dir='ltr'><strong>oris</strong></span> <span class='ocrx_word' id='word_1_184' title='bbox 216 2627 336 2685; x_wconf 81' lang='lat' dir='ltr'><strong>Cerberei</strong></span> <span class='ocrx_word' id='word_1_185' title='bbox 346 2645 468 2701; x_wconf 86' lang='lat' dir='ltr'><strong>spumas.</strong></span> <span class='ocrx_word' id='word_1_186' title='bbox 489 2628 757 2694; x_wconf 77' lang='lat' dir='ltr'><strong>elvirusEehidna03</strong></span> 
     </span>
    </p>
   </div>
   <div class='ocr_carea' id='block_1_3' title="bbox 0 0 946 2940">
    <p class='ocr_par' dir='ltr' id='par_1_11' title="bbox 0 0 946 2940">
     <span class='ocr_line' id='line_1_35' title="bbox 0 0 946 2940; baseline 0 0"><span class='ocrx_word' id='word_1_187' title='bbox 0 0 946 2940; x_wconf 95' lang='lat' dir='ltr'><strong> </strong></span> 
     </span>
    </p>
   </div>
  </div>
 </body>
</html>
