1874 2940
121 103 170 157 3ll)
306 107 334 152 Ρ.
355 107 483 153 ovlnlt
502 107 673 154 Nasoula

120 211 192 265 llicta
203 205 306 280 placent
315 207 417 279 paucis.
447 206 557 261 Numeri
569 207 681 264 maioris
691 215 781 272 amici

120 284 238 340 Acmona
248 284 423 353 corripimus:
442 283 485 336 cui
499 281 657 352 respondere
667 292 784 355 paranti

120 378 173 415 vox
183 358 279 431 pariter
290 358 415 427 vocisque
426 358 468 409 via
478 364 517 409 est
528 364 648 411 lculiala:
669 376 830 439 comaeque

121 435 149 490 in
160 435 267 506 plumas
277 433 388 486 aberent:
411 430 512 500 plumis
522 447 630 501 quoque
639 432 711 489 colla
723 445 865 513 teguntur,

68 521 106 563 tot
120 519 288 581 pectoraque,
300 515 325 561 et
336 515 453 578 tergum:
477 506 588 559 maiores
600 504 710 562 brachia
722 528 835 582 penu„

121 584 264 654 accipiunt,
285 581 422 650 cubitique
434 579 503 633 leves
513 587 659 633 curvantur
669 581 698 635 iu
710 585 783 643 ales.

121 660 216 731 lllagna
227 656 302 727 pedis
312 655 410 726 digitos
420 671 482 724 pars
492 662 616 724 occupat:
637 672 843 726 oraqueeornu

121 733 243 787 indurata
256 730 351 799 rigent,
372 728 506 797 finemque
517 730 544 781 in
556 728 680 781 acumine
690 746 814 799 ponunt,

121 807 199 861 Hunc
208 805 306 874 Lycus,
319 801 391 853 hunc
403 800 470 861 ldas,
482 810 505 854 et
517 819 578 855 cunr
591 802 771 862 ilhelenoreN
793 820 873 876 ciem,

68 893 106 936 tet
121 874 412 934 huncmiraturdbas:
434 875 532 929 etduru
546 877 687 940 mirantur,
708 896 762 937 ean
783 903 830 941 em

122 949 372 1022 accipiuntlaciem:
395 951 741 1023 ouorerusqueexagmine
752 960 843 1016 maior

122 1025 258 1089 subvolat,
280 1034 305 1079 et
315 1043 401 1079 remos
415 1025 517 1096 plausis
530 1024 704 1080 circumvolat
713 1027 779 1087 alis.

121 1101 149 1157 Si
161 1102 298 1157 volucrum
308 1102 420 1172 quaesit
432 1100 582 1153 subitarum
594 1099 676 1153 lorma
687 1106 825 1178 requiris;

121 1184 152 1233 ut
162 1195 214 1232 uon
224 1192 388 1249 signorum,
411 1176 449 1228 sic
460 1174 527 1227 albis
539 1174 683 1244 proximae
701 1179 779 1247 gnis.

68 1264 107 1307 tto
121 1253 173 1309 Vix
183 1239 306 1323 equidem
319 1251 366 1304 has
377 1250 462 1311 sedes,
484 1258 509 1302 et
520 1249 625 1321 lapygis
636 1193 708 1303 aridia
719 1251 812 1311 Dauni
822 1257 826 1263 '

122 1345 184 1382 arva
195 1343 275 1399 gener
287 1335 370 1387 teneo.
393 1325 505 1378 minima
516 1341 577 1376 cum
589 1332 663 1393 parte
673 1340 809 1385 meorum,

160 1403 293 1455 Hactenus
303 1399 426 1453 Oenides.
460 1398 579 1452 Venulus
593 1396 737 1470 Calydonia
747 1419 846 1477 regna,

123 1475 312 1545 Peucetiosque
321 1475 407 1537 sinus,
429 1474 614 1544 Messapiaque
625 1489 687 1526 arva
700 1472 825 1548 reliquit.

123 1551 153 1605 lo
167 1549 268 1620 quibus
278 1555 351 1601 antra
363 1549 443 1608 videt.
463 1566 541 1618 quaa.
563 1547 646 1602 multa
657 1547 751 1602 nubila
763 1551 848 1620 silva,

70 1637 109 1680 515
124 1632 150 1680 at
160 1623 264 1679 levibus
274 1623 358 1696 guttis
370 1622 512 1683 manantia.
534 1622 680 1693 semicaper
690 1622 745 1678 Pan

124 1717 196 1755 nunc
204 1708 285 1766 tonet3
295 1697 441 1769 atquodam
449 1698 878 1772 tenueruoltemporeNymphaa.

124 1774 248 1844 Appulus
258 1775 307 1828 has
319 1774 361 1828 illa
373 1782 461 1844 pastor
473 1773 577 1845 regione
589 1771 692 1844 fugatas

124 1849 226 1910 terruit,
247 1858 273 1901 et
282 1850 369 1917 primo
378 1849 465 1902 sulita
478 1846 618 1902 formidine
629 1845 726 1901 movit:

125 1937 198 1983 mox,
220 1920 266 1973 ubi
278 1939 353 1974 mens
364 1923 449 1982 rediit,
470 1929 495 1973 et
503 1929 665 1975 contemsero
674 1928 848 1994 sequentem

71 2006 110 2050 52⁰
125 1993 157 2049 ad
169 2009 312 2046 numerum
324 1995 401 2046 motis
412 1994 525 2062 pedibus
536 1993 635 2048 duxere
646 1995 766 2049 choreas.

126 2066 261 2140 Improbat
271 2066 318 2118 has
329 2075 426 2136 pastor,
447 2066 571 2137 saltuque
583 2069 701 2123 imitatus
711 2070 808 2141 agresti

126 2143 228 2201 addidit
236 2142 374 2198 obscoenis
383 2141 500 2196 convicia
513 2143 609 2195 rustica
620 2142 712 2197 dictis:

126 2237 174 2275 nec
184 2219 261 2292 prius
270 2217 394 2279 obticuit,
415 2233 496 2285 quam
507 2216 743 2285 gritturacoudidit
753 2218 843 2275 arbor.

127 2295 213 2350 Arbor
221 2295 292 2350 cuim
303 2301 357 2347 est:
378 2308 511 2360 sticcooue
522 2290 580 2345 licet
589 2308 747 2364 cognoscere
755 2309 855 2350 mores.

74 2377 112 2422 tat
127 2367 232 2439 Quippe
243 2377 330 2423 notam
343 2366 448 2438 liuguae
459 2365 544 2419 baccis
553 2367 663 2419 oleaster
672 2364 770 2421 amaris

127 2442 248 2497 exhibet:
269 2444 397 2513 asperitas
408 2440 548 2494 verborum
562 2441 641 2494 cessit
651 2441 679 2495 in
689 2439 760 2495 illas.
810 2466 815 2475 ·

168 2516 236 2570 Hinc
247 2518 292 2570 ubi
305 2517 381 2590 legali
396 2515 508 2577 rediere,
529 2523 620 2588 negata
632 2512 743 2569 ferentes

129 2606 203 2645 arma
212 2591 302 2647 Aetola
311 2592 374 2660 sibi,
394 2590 486 2646 Rutuli
496 2591 554 2645 sina
566 2589 670 2646 viribus
680 2588 734 2644 illis
