1874 2940
158 124 537 169 METAMORPHOSEON
555 127 625 170 LIB.
646 129 716 172 xlv.
762 123 811 175 343

67 221 209 275 Assensore
218 220 274 274 dei:
296 237 344 273 nea
352 219 452 275 coniux
461 221 532 291 regia
543 221 635 276 vuitus

67 297 190 349 immotos
201 295 297 360 tenuit3
318 293 473 364 placataque
483 294 641 351 anuuitora.

67 369 134 423 Tum
146 376 227 440 pater,
249 367 331 433 Esus,
353 367 398 433 ait,
417 365 522 422 coelesti
533 385 644 423 munere
654 368 740 441 digni,

67 460 189 514 quaeque
200 442 277 513 petis,
288 458 337 515 pro
346 458 455 514 quoque
466 441 545 514 petis.
566 440 646 514 Cape,
657 450 727 507 nata,
739 446 812 515 quod

597 523 683 572 otas.
826 532 865 575 595

66 591 222 645 Fatuserat.
252 589 370 656 Gaudet,
390 597 531 663 gratesque
541 589 595 664 agit
605 533 650 645 iiia
660 591 776 660 parenti:

64 681 166 736 perque
176 663 247 720 leves
257 683 336 721 auras
347 665 444 721 iunctis
458 665 559 720 invecta
568 664 700 720 columbis

66 739 140 793 littus
150 739 206 795 adit
214 742 348 808 Laurens,
368 740 415 796 ubi
427 748 510 796 tectus
520 741 649 797 arundine
659 738 750 812 serpit,

47 813 48 817 ’
66 813 94 867 iu
105 813 168 868 irata
179 814 313 872 flumineis
323 816 410 872 vicina
421 816 562 871 Numicius
571 815 662 872 undis.

66 889 144 941 Hunc
154 888 227 944 iubet
236 891 347 955 Aeneae,
368 907 554 962 quaecumque
562 891 676 948 obnoxia
686 888 775 957 marti,
824 900 864 946 555

66 961 182 1024 abluere,
203 970 228 1016 et
238 963 316 1017 tacito
325 961 425 1016 deferre
434 963 486 1017 sub
499 981 613 1036 aequora
622 984 715 1022 cursu.

65 1034 192 1105 Corniger
200 1035 356 1105 exsequitur
365 1035 474 1090 Veneris
484 1037 617 1103 mandata,
639 1041 761 1112 suisque,

65 1107 199 1180 quidquid
211 1106 239 1162 in
249 1105 337 1162 Aenea
346 1106 430 1161 fuerat
442 1108 564 1174 mortale,
586 1121 711 1184 repurgat

65 1181 326 1257 etrespergitaquis.
355 1182 419 1236 Pars
428 1182 527 1253 optima
536 1185 632 1238 restitit
643 1184 693 1239 illi.

64 1259 218 1313 Lustratum
227 1254 348 1331 genetrix
356 1255 448 1311 divino
456 1273 552 1327 eorpus
561 1257 640 1313 odora
824 1275 863 1319 605

65 1332 152 1396 unxia,
171 1339 197 1386 et
206 1330 338 1386 ambrosia
350 1347 412 1385 cum
421 1329 494 1384 dulci
504 1337 606 1386 nectare
616 1331 698 1386 mixta

65 1405 174 1478 contigit
184 1423 223 1470 os,
243 1404 460 1479 fecitquadeum3
481 1421 562 1476 quem
575 1407 653 1461 turba
663 1406 769 1472 Quirini

66 1486 202 1550 nuncupat
210 1479 371 1553 indigetem,
392 1478 543 1552 temploque
552 1480 658 1553 arisque
668 1482 773 1552 recepit.

103 1553 166 1607 iude
175 1553 227 1608 sub
235 1553 343 1609 Ascanii
352 1553 452 1610 ditione
460 1554 608 1611 binominis
617 1554 685 1612 Alba

65 1645 160 1698 resque
169 1627 262 1683 Latina
272 1628 333 1685 fuit.
363 1628 668 1685 SuccessitSiiviusilii:
823 1643 862 1686 515

65 1709 216 1773 quamtus,
237 1704 347 1774 antiquo
357 1704 442 1758 tenuit
451 1704 559 1774 repetita
569 1704 680 1758 Latinus

65 1775 173 1832 nomina
183 1793 244 1831 cum
254 1785 370 1846 sceptra:
391 1775 493 1832 ciarum
504 1775 578 1829 subit
587 1775 654 1831 Alba
664 1776 806 1833 Latinum:

63 1850 263 1922 Epitasexilio.
293 1852 354 1906 Post
363 1850 436 1904 huuc
446 1849 627 1920 Capetusque,
648 1849 806 1924 Capysqua;

65 1925 111 1981 sed
120 1925 208 2001 Capys
218 1937 277 1983 anta
288 1924 347 1981 fuit.
376 1925 499 1998 Regnum
508 1923 759 1983 Tiberinusabillis

65 2002 148 2072 cepit3
168 2010 194 2057 et
202 2003 230 2058 iu
240 2001 319 2056 Tusci
332 2000 468 2056 demersus
478 1995 599 2055 fluminis
608 2001 689 2058 undis
822 2014 861 2057 515

65 2075 173 2131 nomina
183 2076 346 2149 iecitaquaa.
366 2077 466 2146 Dequo
475 2073 668 2149 Remulusque,
681 2076 808 2149 feraxque

64 2148 156 2204 Acmta
167 2157 231 2204 aunt
239 2150 335 2223 geniti:
356 2147 485 2204 Remulus
495 2151 624 2206 maturior
634 2151 712 2207 aunis

64 2221 293 2293 fulmineoperiit‚
314 2223 428 2276 imitator
437 2221 569 2290 fulminis,
591 2225 655 2280 ictu.

63 2297 154 2351 Fratre
164 2314 213 2352 suo
222 2303 357 2368 sceptrum
367 2296 524 2353 moderatior
532 2297 625 2354 Acrota
636 2297 696 2352 sorti

63 2370 143 2425 tradit
151 2368 296 2426 Aventino:
318 2371 379 2443 qui,
400 2389 455 2444 quo
465 2379 595 2446 regnarat,
616 2371 708 2427 eodem
821 2382 860 2426 62⁰

63 2453 152 2502 manta
161 2445 226 2500 iacet
235 2447 348 2516 positus,
369 2447 516 2519 tribuitque
525 2445 652 2502 vocabula
663 2446 756 2501 monti.

63 2519 315 2593 IamquaPalatinaa
324 2539 459 2577 summam
468 2523 548 2576 Proca
557 2520 645 2594 gentis
655 2519 778 2576 hahebat.

62 2595 135 2670 Rege
144 2597 196 2652 sub
205 2596 255 2652 hoa
264 2597 380 2654 Pomona
390 2597 455 2654 fuit:
475 2613 529 2669 qua
538 2595 613 2651 nulla
622 2595 731 2652 Latinas
