1874 2940
160 109 538 157 METAMORPHOSEON
554 112 625 156 LlB.
639 113 696 156 ΧΠ.
753 108 799 160 291

59 210 176 266 maxime
185 210 227 263 vir
234 208 379 280 quondam,
386 207 432 263 sed
443 225 515 263 nunc
524 209 581 263 avis
591 210 679 274 unica,
689 210 802 267 Caeneu.

37 293 38 297 ’
59 284 163 341 Credita
172 301 213 337 res
224 292 328 337 auctore
337 301 387 337 suo
397 290 446 337 est.
475 282 553 336 Dolor
563 282 663 336 addidit
672 283 754 340 iram:

59 373 271 430 oppressumque
281 373 358 429 aegre
368 356 479 411 tulimus
489 363 525 411 tot
534 355 695 410 abhostibus
705 375 801 413 unum:

60 449 109 488 nec
118 431 194 502 prius
204 429 356 486 abstitimus
366 430 434 485 ferro
445 446 563 485 exercere
572 428 699 495 dolorem,

59 522 142 578 quam
152 503 211 559 data
221 521 283 575 pars
293 503 353 567 leto,
373 511 475 576 partem
484 503 547 576 fuga
558 520 665 575 noxque
676 506 797 559 removit.
819 517 857 558 535

97 580 166 633 llaec
175 578 243 633 inter
251 577 377 648 Lapithas
387 585 413 632 et
422 577 610 633 semihomines
621 577 765 633 Centauros

60 652 169 725 proelia,
191 650 368 722 Tlepolemus,
389 650 466 726 Pylio
474 651 609 718 referente,
629 650 747 707 dolorem

60 725 193 798 praeteriti
203 724 310 780 Alcidae
320 727 397 780 tacito
408 744 461 782 non
470 725 578 798 pertulit
587 743 646 782 ore:

61 807 142 872 atque
150 799 196 865 ait,
216 798 357 854 Herculeae
366 801 465 855 mirum
475 809 514 856 est
523 801 621 858 oblivia
632 799 719 856 laudis

60 872 189 938 actatibi,
210 872 313 941 senior;
333 883 402 928 certe
411 874 477 928 milri
488 893 566 946 saepe
575 874 670 930 referre
820 881 858 927 olo

60 946 216 1019 Nubigenas
227 945 340 1001 domitos
351 963 405 1000 ase
415 955 488 1017 pater
497 949 554 1020 ipse
566 949 675 1004 solebat.

62 1020 194 1076 Tristisad
203 1018 378 1092 haechlius:
391 1018 804 1084 Quid-mememinissemalorum

62 1096 145 1168 cogis,
165 1101 191 1150 et
199 1093 326 1149 obductos
336 1092 414 1147 annis
424 1092 581 1164 restringere
590 1093 696 1149 luctus‘l

61 1172 144 1241 inque
153 1175 231 1223 tuum
240 1167 386 1240 genitorem
394 1165 486 1222 odium
495 1165 661 1238 offensasque
673 1167 767 1221 lateri‘?

62 1243 109 1298 llle
120 1241 228 1313 quidem
239 1239 516 1311 maierolidequoque
525 1240 616 1313 gessit,
637 1245 663 1293 et
671 1239 763 1293 orbem
821 1250 859 1294 555

62 1315 184 1388 implevit
193 1315 308 1382 meritis3
329 1313 401 1386 quod
411 1313 517 1367 mallem
526 1329 720 1384 possenegars.

62 1386 705 1461 SednequeDe'iphobum,necPolydamanta,nec
713 1386 805 1456 ipsum

62 1466 171 1519 Hectora
180 1463 331 1518 laudamus.
361 1461 428 1528 Quis
437 1462 509 1516 enim
519 1460 666 1517 laudaverit
675 1459 796 1515 hostem?

63 1538 111 1593 llle
120 1544 183 1592 tuus
192 1537 295 1610 genitor
304 1536 436 1592 Messania
447 1536 552 1590 moenia
560 1534 697 1607 quondam

63 1611 166 1676 stravit,
187 1617 212 1665 et
222 1611 368 1665 immeritas
377 1610 457 1665 urbes
466 1609 583 1682 Elinque
594 1608 734 1683 Pylooque
821 1619 860 1661 555

63 1685 154 1750 diruit,
174 1684 257 1756 inque
267 1702 340 1742 meos
349 1683 449 1740 ferrum
459 1682 633 1754 flammasque
641 1689 749 1753 penaten

63 1758 180 1829 impulit.
208 1758 489 1830 thueoliostcceam,
509 1755 765 1827 quosilleperemit3

62 1833 105 1886 his
115 1848 163 1886 sex
172 1830 280 1887 Nelidae
289 1831 404 1896 luimus,
425 1829 711 1900 conspectaiuventus:

63 1905 106 1960 bis
115 1922 163 1961 sex
172 1904 306 1962 Herculeis
316 1904 477 1969 ceciderunt,
498 1920 541 1958 me
552 1903 642 1959 minus
652 1921 716 1970 uno,

63 1979 177 2034 viribus.
207 1979 295 2052 Atque
304 1979 369 2035 alios
379 1978 450 2034 vinci
459 1977 577 2050 potuisse
585 1976 724 2033 ferendum
734 1989 782 2034 est.
824 1989 862 2029 555

64 2052 131 2106 Mira
140 2053 315 2127 Periclymeni
325 2070 397 2109 mors
409 2059 461 2106 est:
482 2051 526 2106 cui
536 2069 615 2124 posse
624 2053 724 2126 figuras

65 2140 171 2180 sumere
179 2144 247 2196 quas
257 2127 345 2194 vellet,
364 2142 514 2195 rursusque
522 2143 648 2198 reponere
657 2133 759 2181 sumtas

64 2196 206 2265 Neptunus
216 2199 331 2267 dederat,
351 2199 428 2256 Nel'e'i.
437 2199 577 2271 sanguinis
588 2205 687 2253 auctor.

64 2268 209 2332 Hic,ubin
243 2271 373 2343 uidquam
383 2279 423 2327 est
432 2271 529 2327 formas
538 2271 656 2325 variatus
665 2271 694 2324 in
704 2284 807 2329 ornnes,

66 2342 176 2397 vertitur
186 2342 215 2398 in
236 2344 321 2398 aciem
331 2346 461 2413 volucris,
482 2361 551 2416 quae
559 2341 672 2398 fulmina
683 2341 773 2396 curvis
824 2352 862 2393 555

66 2415 134 2470 ferre
143 2415 208 2471 solet
217 2417 346 2488 pedibus,
366 2419 461 2474 divum
470 2417 621 2491 gratissima
631 2416 697 2487 regi.

66 2490 175 2546 Viribus
185 2508 252 2545 usus
263 2491 330 2556 avis,
351 2495 448 2564 peonis
460 2498 597 2560 rostroque
606 2487 731 2554 redunco,

66 2564 234 2637 hamatisque
244 2564 295 2620 viri
306 2564 449 2622 laniaverat
459 2562 597 2638 unguibus
606 2579 661 2617 ora.

655 2647 716 2697 Ἣ

860 2684 888 2763 l
