1874 2940
152 108 202 165 226
341 111 372 157 Ρ.
393 110 520 159 ovum
535 110 701 159 NASONIS

151 212 257 268 vultus:
278 219 303 266 et
312 212 435 269 incomtis
444 212 548 268 brevior
557 229 682 266 mensura
691 211 814 283 capillis:

151 287 268 361 plusque
275 288 375 363 vigoris
385 288 471 353 edent,
490 286 584 342 hebuit
596 304 677 358 quem
688 286 802 347 femine:
827 313 903 367 nam,

99 449 138 493 79⁰
153 436 251 492 femine
262 454 347 510 nuper
356 453 423 501 eres,
436 451 502 506 puer
511 451 549 489 es.
580 379 764 492 Datddddnera
775 447 901 518 templis:

153 530 202 568 nec
211 513 303 567 timide
312 509 424 584 gaudete
432 508 493 564 fide.
524 510 592 564 Dant
601 528 711 566 munera
721 516 852 586 templis:

154 586 255 642 addunt
264 592 289 640 et
300 584 421 639 titulum:
443 582 536 639 titulus
547 585 626 640 breve
638 602 744 641 carmen
755 588 889 653 habebat:

154 663 229 715 Dona
236 677 302 728 puer
312 663 400 719 solvit,
421 676 487 726 quae
495 664 591 728 {emina
600 669 717 724 voverat,
738 663 825 729 Iphis.

154 734 258 788 Postera
270 731 317 785 lux
327 731 408 785 radiis
418 730 500 786 latum
511 732 665 805 patefecerat
676 735 782 805 orbem3

99 819 139 862 795
153 823 239 878 quum
254 806 358 870 Venus,
380 812 405 860 et
422 807 502 874 luno,
522 809 660 894 sociosqde
673 811 849 882 Hymenaeus
869 822 902 879 ad

154 954 329 1011 conveniunt:
349 956 503 1031 potiturque
513 976 561 1015 sue
571 900 721 1032 pueddlpdleds
731 961 837 1023 Ianthe.

313 1133 471 1192 LIBER
506 1133 744 1194 DECIMUS.

153 1245 221 1312 Inde
230 1273 277 1329 per
290 1257 452 1313 immensum
464 1275 554 1316 orooeo
566 1259 667 1315 velatus
680 1257 778 1315 amictu

154 1333 214 1386 ae'ra
222 1331 379 1404 digreditur,
399 1332 582 1407 Ciconumque
590 1337 758 1408 Hymenaeus
769 1333 803 1388 ad
812 1353 876 1395 ores

153 1404 251 1471 tendit3
271 1412 297 1459 et
308 1405 422 1476 Orpheie
433 1409 615 1480 nequidquam
625 1425 687 1462 vooe
696 1416 814 1464 vocatur.

153 1475 246 1529 Adfuit
257 1476 302 1531 ille
311 1479 434 1549 quidem:
455 1481 502 1534 sed
511 1499 560 1536 nec
568 1479 696 1536 sollennia
709 1482 798 1546 verba,

100 1561 111 1602 ⁵
154 1565 202 1602 nec
214 1548 293 1604 laetos
304 1551 404 1617 vultus,
425 1569 474 1606 neo
481 1552 545 1608 felix
555 1553 641 1608 attulit
649 1568 736 1607 omen.

153 1623 211 1677 Fax
220 1639 337 1696 quoque,
354 1642 436 1698 quam
445 1626 538 1691 tenuit,
551 1625 688 1679 lacrimoso
697 1621 808 1676 stridula
818 1629 898 1694 fumo

153 1714 241 1768 usque
250 1697 310 1766 fuit,
330 1699 471 1770 nullosque
480 1698 582 1754 invenit
595 1696 712 1752 motibus
721 1693 807 1768 ignes.

152 1771 249 1826 Exitus
259 1775 377 1846 euspicio
385 1773 504 1848 gravior:
526 1789 588 1826 nem
598 1776 689 1840 nupta,
709 1787 755 1840 per
768 1772 865 1830 herbas

153 1843 220 1899 dum
230 1864 299 1902 nova
308 1848 441 1903 Ne‘iadum
450 1847 528 1902 turbe
536 1846 657 1900 comitata
665 1854 784 1919 vagatur,

100 1931 125 1975 10
153 1918 255 1984 occidit,
275 1921 304 1975 in
314 1920 396 1977 talum
408 1919 536 1992 serpentis
545 1918 621 1972 dente
631 1929 741 1992 recepto.

154 1993 239 2061 Quem
248 1995 312 2049 eatis
322 1995 356 2051 ad
367 2012 476 2067 superas
485 2001 626 2065 postquam
634 1993 801 2071 Rhodopeius
811 2010 892 2055 auras

153 2067 352 2139 deflevitvates3
374 2089 407 2127 ne
417 2087 469 2125 non
478 2075 586 2122 tentaret
594 2075 620 2123 et
628 2073 747 2141 umbras,

154 2145 188 2201 ad
197 2144 276 2220 Styge
286 2146 412 2203 Taenaria
424 2150 463 2200 est
472 2161 553 2198 ausus
562 2142 717 2204 descendere
727 2156 814 2221 porta:

153 2239 254 2294 perque
264 2219 333 2276 leves
343 2219 455 2294 populos
464 2217 658 2295 simulacraque
669 2223 758 2279 functe
770 2223 893 2296 sepulcro

101 2306 126 2349 15
154 2296 338 2369 Persephonen
346 2295 420 2362 adiit,
441 2294 632 2368 inamoenaque
642 2317 722 2374 regne
732 2306 863 2354 tenentem

154 2373 311 2429 umbrarum
320 2372 473 2429 dominum:
485 2369 624 2445 pulsisque
633 2373 666 2429 ad
676 2374 793 2429 carmina
802 2377 892 2429 nervis

155 2447 252 2508 sieait:
273 2448 383 2522 opositi
392 2447 444 2502 suh
453 2453 522 2501 terra
532 2450 641 2506 numina
651 2448 755 2513 mundi,

154 2520 183 2575 in
196 2538 277 2593 quem
289 2523 445 2589 decidimus,
466 2522 598 2597 quidquid
607 2524 716 2583 mortale
723 2537 856 2591 creemur;

144 2593 253 2667 silicet,
274 2608 308 2670 et,
330 2598 388 2657 salsi
397 2598 492 2676 positis
501 2601 657 2677 amhagibus
666 2597 729 2663 oris,

310 2840 443 2870 A
