1874 2940
231 104 290 173 248·
409 115 438 160 P.
460 113 774 163 0v1n11uuson1s

230 222 290 270 ante
300 213 391 280 forem,
411 233 493 289 quam
504 233 565 288 spen
575 223 695 272 votorum
705 222 774 269 certe
785 212 891 270 fuisset.

230 289 296 344 Esse
305 289 414 362 quidem
424 290 487 346 laesi
496 298 595 363 poteret
606 290 653 344 tibi
663 290 774 361 pectoris
786 288 869 345 index

177 374 216 419 555
230 371 256 419 et
264 364 343 431 eelor,
364 373 390 421 et
398 367 504 432 macies,
525 372 550 421 et
559 362 659 430 vultus,
679 373 704 418 et
712 364 823 419 humida
833 383 915 440 saepe

232 438 343 507 lumina,
364 459 412 497 nec
420 457 514 496 caussa
523 439 639 510 suspiria
649 447 719 493 mota
728 441 845 511 patenti3

230 522 256 570 et
265 515 349 571 crebri
358 515 510 587 amplexus3
531 521 557 568 et
565 530 643 584 quae,
663 514 686 567 si
697 513 763 569 forte
773 517 879 582 notasti,

230 589 323 646 oscula
332 590 423 645 sentiri
434 606 487 644 non
499 605 556 642 esse
568 587 667 643 somnia
676 596 793 660 possent.

230 665 291 736 Ipsa
299 662 624 734 tamemquemvieunimo
631 662 819 737 gravevulnus
828 664 935 723 habeba

177 744 217 792 540
231 738 355 809 quemvis
365 738 438 791 intus
448 743 502 790 eret
510 735 584 791 furor
592 738 697 811 igneus,
718 738 807 794 omnia
817 736 876 804 feei,

230 809 512 882 (euntmihiditestes,
533 819 563 865 nt
572 811 678 868 tandem
688 815 776 868 sanior
785 830 887 871 essem:

229 885 401 957 pugnavique
412 883 460 940 diu
469 885 513 940 vio
524 894 583 942 ente
593 887 733 961 Cupidinis
743 905 816 944 arma

230 957 459 1031 effugereinielix;
481 959 585 1035 etplus,
604 962 888 1038 quamferrepuellem

230 1050 307 1106 posse
315 1042 407 1107 putes,
427 1035 551 1110 egodura
561 1037 622 1095 tuli.
651 1039 777 1113 Superata
786 1039 859 1094 fateri

177 1115 215 1163 545
230 1127 317 1185 eogor,
338 1128 468 1187 opemque
477 1120 551 1169 tuum
560 1114 661 1170 timidis
673 1131 811 1188 exposuere
823 1114 902 1168 votis.

231 1187 272 1242 Tu
283 1204 388 1244 servare
397 1196 485 1262 potes,
504 1191 650 1263 tuperdere
659 1190 732 1247 solus
742 1195 883 1246 ementem.

230 1262 315 1337 Elige,
337 1272 428 1321 utrum
438 1264 529 1322 facias.
559 1267 619 1324 Non
628 1267 680 1324 hoe
688 1267 796 1323 inimica
805 1271 928 1336 precatur

231 1337 278 1394 sed
287 1356 370 1410 quae,
391 1357 477 1411 quum
487 1340 536 1395 tihi
545 1341 580 1396 sit
589 1343 769 1406 iunctissime,
788 1339 937 1396 iunctione·

231 1413 337 1483 expetit,
357 1420 382 1467 et
391 1413 478 1469 vinclo
487 1422 574 1470 tecum
584 1417 704 1489 propiore
713 1415 799 1489 ligari.

177 1497 216 1540 555
230 1486 290 1539 lura
299 1502 375 1539 senes
384 1487 487 1541 norint:
507 1489 608 1560 etquid
618 1489 756 1562 liceatque,
776 1487 911 1559 nefasque,

230 1556 377 1628 iusquesit,
393 1559 543 1630 inquirant3
565 1561 708 1634 legumque
718 1563 840 1617 examina
850 1579 937 1616 serve

230 1631 390 1688 conveniens
401 1633 491 1690 Venus
501 1641 541 1688 est
549 1635 628 1690 annis
640 1636 777 1691 temeraria
787 1635 894 1690 nostris.

231 1703 395 1774 Quidlieeat,
416 1708 552 1764 nescimus
561 1707 661 1765 adhue:
682 1717 707 1764 et
715 1715 809 1764 cuncta
820 1708 896 1762 licere

230 1779 373 1837 eredimus:
384 1784 553 1854 etsequimur
560 1801 718 1857 magnorum
723 1781 842 1852 exempla
848 1782 928 1835 deoru

176 1866 215 1910 555
228 1854 283 1908 Nee
292 1871 340 1910 uos
350 1863 396 1910 eut
404 1856 488 1911 durus
497 1864 579 1929 pater,
600 1857 798 1913 autreverentiu
808 1855 900 1913 famae,

230 1933 276 1982 aut
283 1927 362 1983 timor
372 1929 505 2000 impediet,
526 1938 628 1986 tantum
638 1931 708 1985 absit
716 1944 809 1984 caussa
818 1923 928 1979 timendi

229 1999 322 2057 Dulcia
334 2000 447 2058 fraterne
459 2004 511 2060 suh
525 2005 631 2061 nomine
640 2003 710 2060 furta
719 2010 848 2074 tegemus.

228 2078 277 2133 Est
288 2075 356 2131 mihi
366 2076 472 2134 libertus
481 2087 569 2135 tecum
578 2085 674 2134 secrete
684 2074 824 2149 loquendi3

131 2202 134 2208 .
230 2161 255 2210 et
263 2152 359 2210 damus
369 2152 521 2226 amplexus,
542 2153 715 2239 etiungimus
723 2149 814 2208 oscula
824 2168 921 2208 coram.

176 2240 216 2284 555
230 2229 367 2298 Quantum
375 2235 423 2296 est,
429 2230 502 2302 qnod
507 2229 588 2284 desit!
600 2228 721 2284 Muerere
731 2226 836 2283 fetentis
842 2246 929 2285 amore

231 2314 257 2360 et
267 2324 321 2362 non
329 2304 456 2371 fassurae,
477 2304 531 2360 nisi
540 2310 643 2378 cogeret
651 2302 763 2360 ultimus
772 2303 863 2363 ardor:

231 2396 417 2447 nevemerere,
436 2398 495 2436 mee
505 2379 638 2435 subscribi
647 2397 742 2436 caussa
751 2380 881 2454 sepulcro.

230 2452 304 2510 Talia
314 2455 495 2530 nequidquam
506 2463 671 2526 perarantem
679 2455 758 2530 plenu
771 2457 879 2531 reliquit

231 2543 289 2582 cere
308 2548 433 2588 menum:
453 2546 613 2604 summoque
631 2531 660 2589 in
679 2533 799 2609 margine
812 2549 905 2590 versus
930 2557 933 2581 ι

706 2610 800 2666 haesit.
