1874 2940
189 157 568 203 METAMORPHOSEON
585 157 656 202 LIB.
671 158 691 202 L
798 147 815 200 7

69 255 358 322 lacteanomenhabet,
378 255 702 328 candorenotabilisipso.

68 334 123 388 llac
133 333 182 387 iter
191 339 230 387 est
239 331 348 403 Superis
359 330 392 386 ad
401 332 493 405 magni
501 338 567 385 tecta
577 331 704 386 Tonantis
830 345 869 387 llo

69 405 239 481 regalemque
248 406 368 461 domum.
398 406 494 460 Dextra
505 404 632 477 laevaque
641 405 752 462 deorum

71 481 137 537 atria
151 480 282 536 nobilium
291 479 378 534 valvis
388 478 556 535 celebrantur
564 481 672 550 apertis.

70 555 150 610 Plebs
159 555 260 610 habitat
269 555 375 610 diversa
384 553 462 610 locis:
483 553 593 609 afronte
602 560 721 625 potentes

71 628 210 685 coelicolae
225 628 344 702 clarique
354 646 417 685 suos
427 646 539 701 posuere
548 635 666 700 penates.

70 704 120 758 llic
129 703 202 759 locus
211 711 259 770 est,
280 721 376 776 quem,
397 704 420 758 si
430 703 520 758 verbis
529 702 639 758 audacia
648 702 734 768 detirr,
831 717 869 759 175

71 777 145 833 haud
155 779 261 833 timeam
272 779 364 852 magni
373 777 474 833 dixisse
482 776 578 849 palatia
587 775 663 833 coeli.

70 853 143 926 Ergo
152 852 200 906 ubi
209 870 356 909 marmoreo
365 851 460 925 Superi
471 851 561 907 sedere
569 868 685 917 rwessu,

71 927 166 982 celsior
175 927 232 998 ipse
242 926 307 992 loco,
328 934 484 998 sceptroque
492 926 603 981 innixus
612 926 725 992 eburno,

71 1000 213 1055 terrificam
222 1001 316 1072 cepitis
325 1002 459 1056 concussit
469 1009 562 1073 torque
570 1008 717 1072 quaterque

71 1076 223 1141 caesariem,
244 1092 306 1130 cum
315 1082 485 1147 quaternam,
506 1092 588 1140 mare,
609 1074 695 1129 sidera
706 1074 800 1131 movit.
831 1085 870 1129 tao

72 1148 182 1204 Talibus
195 1147 258 1203 inde
266 1149 354 1204 modis
362 1167 407 1204 ora
416 1149 584 1221 indignantia
592 1147 685 1203 solvit:
728 1186 731 1191 -

71 1225 132 1278 Non
142 1240 192 1294 ego
199 1239 248 1292 pro
256 1221 352 1275 mundi
361 1238 444 1292 regno
452 1221 539 1290 magis
550 1221 648 1274 anxius
656 1220 703 1275 illa

72 1302 227 1364 tempestate
237 1293 286 1356 lui,
307 1309 361 1362 qua
373 1299 480 1345 centum
491 1292 607 1361 quisquo
616 1292 725 1360 parabat

73 1369 185 1422 iniicere
195 1363 377 1437 anguipedum
386 1364 490 1434 captivo
500 1363 607 1419 brachia
616 1363 697 1421 coelo.

74 1443 159 1506 Nam,
180 1454 345 1511 quamquam
358 1435 430 1494 serua
444 1437 529 1496 hostis
551 1445 618 1507 erat,
638 1447 726 1499 umen
750 1441 817 1501 illud

298 1552 301 1557 <
606 1517 705 1576 abuno
831 1533 870 1576 185

73 1606 182 1662 corporo
191 1597 217 1645 et
226 1607 259 1646 ex
268 1607 322 1646 una
331 1587 462 1664 pendebat
470 1591 572 1667 origine
581 1591 692 1650 bellum.

72 1665 237 1732 Nuncmihi,
259 1683 311 1738 qua
321 1674 406 1723 totum
416 1669 516 1724 Nereus
525 1670 703 1725 circumsonat
711 1669 812 1735 orbem,

72 1741 239 1813 perdendum
248 1749 288 1795 est
298 1741 406 1797 mortale
415 1760 511 1816 genus.
541 1745 590 1798 Per
602 1742 713 1800 flumina
725 1746 784 1799 iuro

72 1815 165 1880 infera,
187 1816 238 1870 sub
248 1823 328 1870 terras
337 1816 429 1890 Stygio
438 1816 552 1872 labentia
563 1817 639 1873 luco:

72 1897 167 1945 cuncta
177 1891 253 1960 prius
262 1897 373 1945 tentatae
394 1890 441 1945 sed
455 1891 649 1947 immedicabile
660 1891 760 1948 vulnus
831 1902 869 1943 1⁹⁰

73 1981 136 2019 ense
145 1964 314 2019 recidendum
325 1972 373 2031 est,
395 1983 498 2037 nepam
508 1967 609 2021 sincera
619 1966 747 2022 trahatur.

72 2038 141 2093 Sunt
150 2038 217 2092 mihi
227 2038 351 2106 Semidei,
367 2047 431 2094 sunt
439 2041 537 2095 rustica
547 2042 659 2096 numina
668 2039 764 2103 Fauni,

72 2120 99 2168 et
107 2112 257 2186 Nymphae,
268 2113 418 2188 Satyrique,
430 2122 456 2168 et
465 2114 621 2171 monticolae
630 2113 747 2170 Silvani:

72 2205 141 2260 quos
151 2187 279 2258 quoniam
288 2188 353 2244 coeli
365 2188 485 2244 nondum
495 2190 639 2262 dignamur
648 2188 756 2249 honore,

72 2279 141 2334 quas
149 2260 282 2328 dedimus,
303 2270 371 2317 certe
382 2271 464 2317 terras
474 2262 593 2316 habitare
606 2261 738 2314 sinamus.
832 2266 871 2309 195

72 2336 115 2391 An
126 2336 200 2400 satiS,
221 2335 353 2407 0Superi,
375 2344 444 2391 tutos
454 2334 508 2389 lore
517 2335 622 2388 creditis
634 2332 704 2396 illos,

72 2427 159 2483 quum
169 2409 247 2474 mihi,
259 2411 306 2480 qui
317 2410 429 2472 lulmen,
441 2410 488 2478 qui
498 2424 546 2461 vos
556 2406 609 2459 hab
659 2421 693 2458 ue
703 2418 828 2473 regeque,

72 2485 201 2539 struxerit
210 2483 322 2537 insidias
333 2491 412 2537 notus
422 2479 524 2534 feritate
532 2480 644 2550 Lucana
669 2547 675 2558 ι

73 2557 260 2614 Confremuere
272 2575 384 2626 omnes,
404 2553 565 2624 studiisque
574 2546 743 2603 ardentibus
749 2556 857 2619 auam
898 2608 912 2640 Q

64 2631 124 2685 talla
135 2631 300 2701 deposcunt.
321 2634 383 2702 Sic,
403 2645 502 2706 quum
510 2615 844 2688 manueimpxaaowtx
883 2612 907 2647 Ὗ
