1874 2940
156 108 535 153 METAMORPHOSEON
554 112 623 155 LIB.
643 111 698 156 XV.
748 105 797 156 355

55 208 195 283 praebetis,
216 207 428 280 vitequemegis,
450 223 532 277 quem
541 215 625 261 morte
635 209 751 264 iuvetis?

56 284 122 357 quid
132 301 251 339 meruere
260 283 350 347 boves,
373 280 539 355 enimelysine
548 279 639 336 froude
649 283 772 356 doloque,
812 297 851 340 120

56 361 213 425 innocuum,
232 356 356 428 simplex,
377 363 469 412 natum
480 353 588 411 tolerare
598 354 718 411 iabores?

56 436 198 489 Immemor
206 440 247 488 est
255 431 373 495 demum,
389 448 438 486 nee
446 430 557 504 frugum
567 431 794 505 muneredignus‚

56 509 104 581 qui
112 509 198 581 potuit
207 508 282 564 eurvi
291 506 379 561 demto
388 504 466 560 modo
475 503 590 575 pondere
599 504 678 558 aratri

57 583 198 639 ruricolam
208 591 321 638 mactare
330 598 426 637 suum:
446 579 494 652 qui
505 580 566 634 trita
576 578 664 634 {ebore

56 658 112 724 illa,
132 659 233 730 quibus
243 658 319 715 toties
328 656 426 713 durum
437 662 606 712 renovaverat
618 671 723 720 orrum,
812 667 850 710 125

56 740 93 788 tot
102 732 208 790 dederat
217 751 327 800 messes,
348 732 478 805 percussit
487 730 552 787 colla
563 730 658 786 securi.

56 809 241 875 Neosotisest‚
261 807 334 882 quod
344 807 673 863 teleneiesoommittitur:
694 805 766 876 ipsos

57 884 214 953 inscripsere
223 883 285 938 deos
295 880 401 945 sceleri,
424 898 577 953 numenque
587 897 732 954 supernum

57 956 135 1011 caede
144 954 276 1010 laboriferi
288 952 399 1009 credunt
407 953 522 1026 gaudere
533 953 648 1010 iuvenci.

56 1029 236 1087 victimatus
246 1045 347 1093 cerens,
368 1034 394 1083 et
401 1028 627 1098 praestantissima
638 1028 732 1094 forma.
809 1042 852 1084 151

56 1106 128 1180 (nem
136 1104 268 1178 placuisse
277 1101 371 1176 nodet)
381 1103 453 1159 vittis
462 1104 611 1178 praesignis
621 1112 728 1163 eteuro.

57 1181 159 1236 sistitur
169 1188 305 1243 arueras,
329 1177 455 1250 auditque
465 1178 557 1251 ignara
566 1187 725 1250 precantem,

56 1256 211 1329 imponique
219 1271 283 1311 sune
291 1251 363 1310 videt
375 1253 443 1308 inter
451 1268 550 1309 cernue
560 1253 649 1319 fronti,

56 1330 228 1403 quesooluit,
246 1328 350 1403 fruges3
371 1345 607 1400 percussoquesan
646 1328 690 1384 ine
698 1327 796 1384 cultros

56 1406 140 1461 inficit
149 1405 178 1460 in
188 1403 288 1477 liquide
299 1404 433 1475 praevisos
446 1402 556 1459 forsitan
565 1421 603 1459 un
623 1421 648 1459 a.
810 1415 848 1457 135

56 1481 179 1536 Protinus
190 1487 290 1551 ereptas
300 1479 401 1535 viventi
410 1486 513 1550 pectore
524 1479 605 1534 fibras

56 1554 216 1627 inspiciunt,
238 1561 392 1628 mentesque
401 1553 481 1610 deum
491 1561 642 1609 scrutentur
652 1553 680 1607 in
691 1552 754 1608 illis.

56 1629 131 1685 Unde
140 1629 223 1683 sames
232 1629 335 1685 homini
345 1629 486 1686 vetitorum
497 1635 567 1685 tonte
576 1627 716 1683 ciborum?

56 1701 517 1777 Audetisvescigenueimmortale?
543 1701 630 1768 Quod,
651 1719 705 1767 oro,

57 1796 90 1834 ne
99 1777 185 1845 faoite,
205 1784 230 1834 et
239 1777 347 1834 monitis
357 1779 461 1833 animos
471 1776 597 1832 advertite
607 1777 719 1832 nostris:
810 1786 849 1833 111

56 1871 195 1927 quumque
203 1853 286 1910 bourn
295 1851 391 1908 debitis
400 1867 536 1907 caesorum
546 1854 665 1908 membra
675 1853 770 1926 pelato,

56 1929 180 1985 mandere
188 1947 236 1986 vos
245 1935 345 1986 vestros
354 1927 418 1982 seito
427 1934 452 1981 et
461 1927 555 1982 sentite
564 1927 680 1985 colonos.

55 2005 89 2058 Et
110 2006 238 2075 quoniam
259 2004 325 2061 deus
346 2020 391 2058 ora
416 2009 518 2069 movet,
551 2020 649 2078 sequor
672 2023 717 2060 oro
738 2022 796 2060 rno-

586 2087 692 2137 ventem

56 2152 104 2206 rite
113 2151 207 2221 deum3
228 2151 397 2225 Delphosque
405 2169 478 2208 meos
489 2154 633 2226 ipsumque
642 2152 776 2208 recludam

55 2227 168 2293 aethera,
188 2234 214 2282 et
223 2233 350 2300 angustae
360 2227 481 2284 reserabo
489 2227 594 2283 oraculo
604 2228 710 2282 mentis.
811 2232 850 2280 145

55 2302 160 2376 Magne,
181 2318 229 2357 neo
238 2301 353 2374 ingeniis
364 2301 520 2376 investigate
532 2302 661 2373 priorum,

56 2393 177 2450 quaeque
186 2375 234 2431 diu
245 2375 352 2442 latuere,
362 2393 467 2432 ennam.
496 2378 573 2432 luvet
585 2376 623 2430 ire
631 2392 679 2447 per
687 2374 738 2430 alte

56 2459 139 2508 astra:
160 2452 243 2517 iuvet,
264 2451 340 2506 terris
349 2459 374 2506 et
384 2451 462 2507 inerti
473 2450 536 2507 sede
546 2449 644 2516 relicta,

56 2527 127 2583 nube
136 2527 208 2593 vehi,
228 2524 364 2599 validique
373 2526 493 2581 humeris
502 2525 624 2581 insistere
633 2523 760 2580 Atlantis:

38 2601 226 2684 boelentesque
236 2601 358 2682 homines
367 2602 472 2678 passim
481 2600 755 2670 eoretioniseepntee
822 2603 871 2639 un
