<?xml version="1.0" encoding="UTF-8"?>
<!DOCTYPE html PUBLIC "-//W3C//DTD XHTML 1.0 Transitional//EN"
    "http://www.w3.org/TR/xhtml1/DTD/xhtml1-transitional.dtd">
<html xmlns="http://www.w3.org/1999/xhtml" xml:lang="en" lang="en">
 <head>
  <title>
</title>
<meta http-equiv="Content-Type" content="text/html;charset=utf-8" />
  <meta name='ocr-system' content='tesseract 3.04.00' />
  <meta name='ocr-capabilities' content='ocr_page ocr_carea ocr_par ocr_line ocrx_word'/>
</head>
<body>
  <div class='ocr_page' id='page_1' title='image "./povidiinasoniso01ovidgoog_0323.png"; bbox 0 0 1874 2940; ppageno 0'>
   <div class='ocr_carea' id='block_1_1' title="bbox 152 145 791 198">
    <p class='ocr_par' dir='ltr' id='par_1_1' title="bbox 152 145 791 198">
     <span class='ocr_line' id='line_1_1' title="bbox 152 145 791 198; baseline 0.009 -6"><span class='ocrx_word' id='word_1_1' title='bbox 152 147 526 193; x_wconf 74' lang='lat' dir='ltr'>METAMORPHOSEON</span> <span class='ocrx_word' id='word_1_2' title='bbox 543 149 612 193; x_wconf 90' lang='lat' dir='ltr'>LIB.</span> <span class='ocrx_word' id='word_1_3' title='bbox 632 149 700 194; x_wconf 85' lang='lat' dir='ltr'>XIV.</span> <span class='ocrx_word' id='word_1_4' title='bbox 744 145 791 198; x_wconf 77' lang='lat'>³25</span> 
     </span>
    </p>
   </div>
   <div class='ocr_carea' id='block_1_2' title="bbox 57 245 850 2483">
    <p class='ocr_par' dir='ltr' id='par_1_2' title="bbox 57 245 792 319">
     <span class='ocr_line' id='line_1_2' title="bbox 57 245 792 319; baseline 0.005 -17"><span class='ocrx_word' id='word_1_5' title='bbox 57 259 86 302; x_wconf 91' lang='lat' dir='ltr'>tu</span> <span class='ocrx_word' id='word_1_6' title='bbox 96 254 169 319; x_wconf 87' lang='lat' dir='ltr'>potes</span> <span class='ocrx_word' id='word_1_7' title='bbox 179 247 260 309; x_wconf 88' lang='lat' dir='ltr'>hune,</span> <span class='ocrx_word' id='word_1_8' title='bbox 274 245 350 312; x_wconf 82' lang='lat' dir='ltr'>dixit,</span> <span class='ocrx_word' id='word_1_9' title='bbox 362 245 451 300; x_wconf 85' lang='lat' dir='ltr'>videar</span> <span class='ocrx_word' id='word_1_10' title='bbox 460 245 538 300; x_wconf 87' lang='lat' dir='ltr'>modo</span> <span class='ocrx_word' id='word_1_11' title='bbox 547 246 654 318; x_wconf 81' lang='lat' dir='ltr'>dignus,</span> <span class='ocrx_word' id='word_1_12' title='bbox 666 258 792 306; x_wconf 80' lang='lat' dir='ltr'>amorem.</span> 
     </span>
    </p>

    <p class='ocr_par' dir='ltr' id='par_1_3' title="bbox 57 320 734 390">
     <span class='ocr_line' id='line_1_3' title="bbox 57 320 734 390; baseline 0 -14"><span class='ocrx_word' id='word_1_13' title='bbox 57 323 160 389; x_wconf 86' lang='lat' dir='ltr'>Quanta</span> <span class='ocrx_word' id='word_1_14' title='bbox 170 321 205 374; x_wconf 87' lang='lat' dir='ltr'>sit</span> <span class='ocrx_word' id='word_1_15' title='bbox 214 320 371 385; x_wconf 89' lang='lat' dir='ltr'>herbarum,</span> <span class='ocrx_word' id='word_1_16' title='bbox 392 320 491 385; x_wconf 83' lang='lat' dir='ltr'>Titani,</span> <span class='ocrx_word' id='word_1_17' title='bbox 511 320 636 390; x_wconf 87' lang='lat' dir='ltr'>potentia,</span> <span class='ocrx_word' id='word_1_18' title='bbox 657 323 734 388; x_wconf 91' lang='lat' dir='ltr'>nulli,</span> 
     </span>
    </p>

    <p class='ocr_par' dir='ltr' id='par_1_4' title="bbox 57 394 847 469">
     <span class='ocr_line' id='line_1_4' title="bbox 57 394 847 469; baseline 0.004 -18"><span class='ocrx_word' id='word_1_19' title='bbox 57 413 139 469; x_wconf 87' lang='lat' dir='ltr'>quam</span> <span class='ocrx_word' id='word_1_20' title='bbox 149 394 226 459; x_wconf 86' lang='lat' dir='ltr'>mihi,</span> <span class='ocrx_word' id='word_1_21' title='bbox 246 394 393 468; x_wconf 55' lang='lat' dir='ltr'>agnitius,</span> <span class='ocrx_word' id='word_1_22' title='bbox 413 395 532 466; x_wconf 89' lang='lat' dir='ltr'>quisum</span> <span class='ocrx_word' id='word_1_23' title='bbox 541 397 774 452; x_wconf 82' lang='lat' dir='ltr'>mutatnsahillis.</span> <span class='ocrx_word' id='word_1_24' title='bbox 821 412 847 454; x_wconf 79' lang='lat'>15</span> 
     </span>
    </p>

    <p class='ocr_par' dir='ltr' id='par_1_5' title="bbox 57 467 646 536">
     <span class='ocr_line' id='line_1_5' title="bbox 57 467 646 536; baseline -0.003 -12"><span class='ocrx_word' id='word_1_25' title='bbox 57 473 130 525; x_wconf 84' lang='lat' dir='ltr'>Neve</span> <span class='ocrx_word' id='word_1_26' title='bbox 137 470 189 523; x_wconf 87' lang='lat' dir='ltr'>mei</span> <span class='ocrx_word' id='word_1_27' title='bbox 200 484 253 524; x_wconf 88' lang='lat' dir='ltr'>non</span> <span class='ocrx_word' id='word_1_28' title='bbox 263 476 323 525; x_wconf 84' lang='lat' dir='ltr'>nota</span> <span class='ocrx_word' id='word_1_29' title='bbox 332 468 380 523; x_wconf 89' lang='lat' dir='ltr'>tibi</span> <span class='ocrx_word' id='word_1_30' title='bbox 390 468 425 523; x_wconf 87' lang='lat' dir='ltr'>sit</span> <span class='ocrx_word' id='word_1_31' title='bbox 433 485 527 524; x_wconf 84' lang='lat' dir='ltr'>caussa</span> <span class='ocrx_word' id='word_1_32' title='bbox 536 467 646 536; x_wconf 80' lang='lat' dir='ltr'>inroris3</span> 
     </span>
    </p>

    <p class='ocr_par' dir='ltr' id='par_1_6' title="bbox 58 543 656 609">
     <span class='ocr_line' id='line_1_6' title="bbox 58 543 656 609; baseline -0.002 -10"><span class='ocrx_word' id='word_1_33' title='bbox 58 546 142 599; x_wconf 86' lang='lat' dir='ltr'>littore</span> <span class='ocrx_word' id='word_1_34' title='bbox 151 544 180 599; x_wconf 88' lang='lat' dir='ltr'>in</span> <span class='ocrx_word' id='word_1_35' title='bbox 190 543 286 609; x_wconf 83' lang='lat' dir='ltr'>Italion,</span> <span class='ocrx_word' id='word_1_36' title='bbox 307 544 438 598; x_wconf 86' lang='lat' dir='ltr'>Messania</span> <span class='ocrx_word' id='word_1_37' title='bbox 447 544 549 599; x_wconf 80' lang='lat' dir='ltr'>moenia</span> <span class='ocrx_word' id='word_1_38' title='bbox 558 550 656 607; x_wconf 84' lang='lat' dir='ltr'>eontra,</span> 
     </span>
    </p>

    <p class='ocr_par' dir='ltr' id='par_1_7' title="bbox 58 617 794 693">
     <span class='ocr_line' id='line_1_7' title="bbox 58 617 794 693; baseline 0.003 -21"><span class='ocrx_word' id='word_1_39' title='bbox 58 618 145 693; x_wconf 82' lang='lat' dir='ltr'>Scylla</span> <span class='ocrx_word' id='word_1_40' title='bbox 155 618 222 674; x_wconf 90' lang='lat' dir='ltr'>mihi</span> <span class='ocrx_word' id='word_1_41' title='bbox 231 619 289 675; x_wconf 82' lang='lat' dir='ltr'>visa</span> <span class='ocrx_word' id='word_1_42' title='bbox 298 625 348 673; x_wconf 82' lang='lat' dir='ltr'>est.</span> <span class='ocrx_word' id='word_1_43' title='bbox 361 617 449 673; x_wconf 91' lang='lat' dir='ltr'>Pudor</span> <span class='ocrx_word' id='word_1_44' title='bbox 457 626 505 685; x_wconf 78' lang='lat' dir='ltr'>est,</span> <span class='ocrx_word' id='word_1_45' title='bbox 512 618 641 691; x_wconf 85' lang='lat' dir='ltr'>promissa</span> <span class='ocrx_word' id='word_1_46' title='bbox 651 634 794 691; x_wconf 87' lang='lat' dir='ltr'>preeesque</span> 
     </span>
    </p>

    <p class='ocr_par' dir='ltr' id='par_1_8' title="bbox 59 692 726 766">
     <span class='ocr_line' id='line_1_8' title="bbox 59 692 726 766; baseline 0 -17"><span class='ocrx_word' id='word_1_47' title='bbox 59 693 254 766; x_wconf 86' lang='lat' dir='ltr'>blanditiasque</span> <span class='ocrx_word' id='word_1_48' title='bbox 262 709 334 748; x_wconf 86' lang='lat' dir='ltr'>meas</span> <span class='ocrx_word' id='word_1_49' title='bbox 342 700 525 766; x_wconf 83' lang='lat' dir='ltr'>nentemtaqna</span> <span class='ocrx_word' id='word_1_50' title='bbox 534 693 613 749; x_wconf 84' lang='lat' dir='ltr'>verba</span> <span class='ocrx_word' id='word_1_51' title='bbox 622 692 726 749; x_wconf 80' lang='lat' dir='ltr'>referre.</span> 
     </span>
    </p>

    <p class='ocr_par' dir='ltr' id='par_1_9' title="bbox 58 768 846 843">
     <span class='ocr_line' id='line_1_9' title="bbox 58 768 846 843; baseline -0.003 -18"><span class='ocrx_word' id='word_1_52' title='bbox 58 771 92 825; x_wconf 74' lang='lat' dir='ltr'>At</span> <span class='ocrx_word' id='word_1_53' title='bbox 101 778 140 835; x_wconf 87' lang='lat' dir='ltr'>tu,</span> <span class='ocrx_word' id='word_1_54' title='bbox 151 770 208 826; x_wconf 81' lang='lat' dir='ltr'>eive</span> <span class='ocrx_word' id='word_1_55' title='bbox 217 768 325 841; x_wconf 75' lang='lat' dir='ltr'>aliquod</span> <span class='ocrx_word' id='word_1_56' title='bbox 334 785 447 843; x_wconf 77' lang='lat' dir='ltr'>regnum</span> <span class='ocrx_word' id='word_1_57' title='bbox 458 776 497 825; x_wconf 84' lang='lat' dir='ltr'>est</span> <span class='ocrx_word' id='word_1_58' title='bbox 507 769 536 824; x_wconf 91' lang='lat' dir='ltr'>in</span> <span class='ocrx_word' id='word_1_59' title='bbox 547 770 673 835; x_wconf 79' lang='lat' dir='ltr'>(armine,</span> <span class='ocrx_word' id='word_1_60' title='bbox 689 786 793 825; x_wconf 81' lang='lat' dir='ltr'>carmen</span> <span class='ocrx_word' id='word_1_61' title='bbox 821 781 846 824; x_wconf 79' lang='lat'>2⁰</span> 
     </span>
    </p>

    <p class='ocr_par' dir='ltr' id='par_1_10' title="bbox 58 844 698 918">
     <span class='ocr_line' id='line_1_10' title="bbox 58 844 698 918; baseline -0.003 -18"><span class='ocrx_word' id='word_1_62' title='bbox 58 863 102 900; x_wconf 90' lang='lat' dir='ltr'>ore</span> <span class='ocrx_word' id='word_1_63' title='bbox 111 861 188 901; x_wconf 86' lang='lat' dir='ltr'>move</span> <span class='ocrx_word' id='word_1_64' title='bbox 197 861 282 899; x_wconf 86' lang='lat' dir='ltr'>saera:</span> <span class='ocrx_word' id='word_1_65' title='bbox 302 844 360 899; x_wconf 87' lang='lat' dir='ltr'>sive</span> <span class='ocrx_word' id='word_1_66' title='bbox 369 845 549 918; x_wconf 82' lang='lat' dir='ltr'>expugnaeior</span> <span class='ocrx_word' id='word_1_67' title='bbox 560 845 640 901; x_wconf 85' lang='lat' dir='ltr'>herba</span> <span class='ocrx_word' id='word_1_68' title='bbox 651 854 698 911; x_wconf 87' lang='lat' dir='ltr'>eat,</span> 
     </span>
    </p>

    <p class='ocr_par' dir='ltr' id='par_1_11' title="bbox 59 919 606 989">
     <span class='ocr_line' id='line_1_11' title="bbox 59 919 606 989; baseline -0.002 -13"><span class='ocrx_word' id='word_1_69' title='bbox 59 928 132 976; x_wconf 88' lang='lat' dir='ltr'>utere</span> <span class='ocrx_word' id='word_1_70' title='bbox 141 919 245 975; x_wconf 82' lang='lat' dir='ltr'>tentatis</span> <span class='ocrx_word' id='word_1_71' title='bbox 256 934 379 989; x_wconf 73' lang='lat' dir='ltr'><strong>operosae</strong></span> <span class='ocrx_word' id='word_1_72' title='bbox 388 919 492 974; x_wconf 86' lang='lat' dir='ltr'>viribus</span> <span class='ocrx_word' id='word_1_73' title='bbox 501 919 606 975; x_wconf 87' lang='lat' dir='ltr'>herbae.</span> 
     </span>
    </p>

    <p class='ocr_par' dir='ltr' id='par_1_12' title="bbox 58 991 835 1062">
     <span class='ocr_line' id='line_1_12' title="bbox 58 991 835 1062; baseline 0.005 -13"><span class='ocrx_word' id='word_1_74' title='bbox 58 995 112 1049; x_wconf 86' lang='lat' dir='ltr'>Nee</span> <span class='ocrx_word' id='word_1_75' title='bbox 122 993 240 1048; x_wconf 75' lang='lat' dir='ltr'>medeare</span> <span class='ocrx_word' id='word_1_76' title='bbox 252 991 329 1055; x_wconf 80' lang='lat' dir='ltr'>mihi,</span> <span class='ocrx_word' id='word_1_77' title='bbox 349 1007 480 1062; x_wconf 87' lang='lat' dir='ltr'>sanesque</span> <span class='ocrx_word' id='word_1_78' title='bbox 489 992 553 1047; x_wconf 90' lang='lat' dir='ltr'>haee</span> <span class='ocrx_word' id='word_1_79' title='bbox 561 994 672 1050; x_wconf 86' lang='lat' dir='ltr'>vulnera</span> <span class='ocrx_word' id='word_1_80' title='bbox 682 997 792 1060; x_wconf 84' lang='lat' dir='ltr'>mand0;</span> <span class='ocrx_word' id='word_1_81' title='bbox 834 1015 835 1018; x_wconf 69' lang='grc'>’</span> 
     </span>
    </p>

    <p class='ocr_par' dir='ltr' id='par_1_13' title="bbox 59 1065 713 1140">
     <span class='ocr_line' id='line_1_13' title="bbox 59 1065 713 1140; baseline -0.003 -16"><span class='ocrx_word' id='word_1_82' title='bbox 59 1070 164 1140; x_wconf 87' lang='lat' dir='ltr'>fineque</span> <span class='ocrx_word' id='word_1_83' title='bbox 174 1065 212 1122; x_wconf 89' lang='lat' dir='ltr'>nil</span> <span class='ocrx_word' id='word_1_84' title='bbox 221 1082 288 1137; x_wconf 84' lang='lat' dir='ltr'>opus</span> <span class='ocrx_word' id='word_1_85' title='bbox 298 1071 350 1119; x_wconf 81' lang='lat' dir='ltr'>est:</span> <span class='ocrx_word' id='word_1_86' title='bbox 370 1072 471 1136; x_wconf 85' lang='lat' dir='ltr'>partem</span> <span class='ocrx_word' id='word_1_87' title='bbox 482 1065 546 1120; x_wconf 84' lang='lat' dir='ltr'>ferat</span> <span class='ocrx_word' id='word_1_88' title='bbox 555 1066 600 1121; x_wconf 84' lang='lat' dir='ltr'>iila</span> <span class='ocrx_word' id='word_1_89' title='bbox 610 1067 713 1123; x_wconf 80' lang='lat' dir='ltr'>caloris.</span> 
     </span>
    </p>

    <p class='ocr_par' dir='ltr' id='par_1_14' title="bbox 58 1138 848 1216">
     <span class='ocr_line' id='line_1_14' title="bbox 58 1138 848 1216; baseline 0 -17"><span class='ocrx_word' id='word_1_90' title='bbox 58 1144 93 1199; x_wconf 81' lang='lat' dir='ltr'>At</span> <span class='ocrx_word' id='word_1_91' title='bbox 101 1143 174 1199; x_wconf 85' lang='lat' dir='ltr'>Ciree</span> <span class='ocrx_word' id='word_1_92' title='bbox 184 1139 358 1216; x_wconf 86' lang='lat' dir='ltr'>(nequeenim</span> <span class='ocrx_word' id='word_1_93' title='bbox 367 1138 481 1195; x_wconf 78' lang='lat' dir='ltr'>flammis</span> <span class='ocrx_word' id='word_1_94' title='bbox 491 1140 569 1194; x_wconf 86' lang='lat' dir='ltr'>habet</span> <span class='ocrx_word' id='word_1_95' title='bbox 578 1141 666 1211; x_wconf 86' lang='lat' dir='ltr'>aptius</span> <span class='ocrx_word' id='word_1_96' title='bbox 675 1142 730 1197; x_wconf 90' lang='lat' dir='ltr'>ulla</span> <span class='ocrx_word' id='word_1_97' title='bbox 823 1157 848 1199; x_wconf 80' lang='lat'>25</span> 
     </span>
    </p>

    <p class='ocr_par' dir='ltr' id='par_1_15' title="bbox 59 1214 743 1291">
     <span class='ocr_line' id='line_1_15' title="bbox 59 1214 743 1291; baseline -0.004 -18"><span class='ocrx_word' id='word_1_98' title='bbox 59 1219 156 1273; x_wconf 85' lang='lat' dir='ltr'>talibus</span> <span class='ocrx_word' id='word_1_99' title='bbox 167 1216 319 1291; x_wconf 76' lang='lat' dir='ltr'><strong>ingenium,</strong></span> <span class='ocrx_word' id='word_1_100' title='bbox 339 1232 386 1270; x_wconf 89' lang='lat' dir='ltr'>seu</span> <span class='ocrx_word' id='word_1_101' title='bbox 394 1231 488 1270; x_wconf 83' lang='lat' dir='ltr'>eaussa</span> <span class='ocrx_word' id='word_1_102' title='bbox 497 1221 536 1269; x_wconf 88' lang='lat' dir='ltr'>est</span> <span class='ocrx_word' id='word_1_103' title='bbox 544 1214 626 1270; x_wconf 81' lang='lat' dir='ltr'>huius</span> <span class='ocrx_word' id='word_1_104' title='bbox 635 1215 664 1270; x_wconf 91' lang='lat' dir='ltr'>in</span> <span class='ocrx_word' id='word_1_105' title='bbox 676 1216 743 1286; x_wconf 85' lang='lat' dir='ltr'>ipsa,</span> 
     </span>
    </p>

    <p class='ocr_par' dir='ltr' id='par_1_16' title="bbox 60 1287 688 1363">
     <span class='ocr_line' id='line_1_16' title="bbox 60 1287 688 1363; baseline -0.005 -16"><span class='ocrx_word' id='word_1_106' title='bbox 60 1311 106 1348; x_wconf 90' lang='lat' dir='ltr'>seu</span> <span class='ocrx_word' id='word_1_107' title='bbox 116 1293 207 1349; x_wconf 88' lang='lat' dir='ltr'>Venus</span> <span class='ocrx_word' id='word_1_108' title='bbox 215 1290 315 1347; x_wconf 83' lang='lat' dir='ltr'>indicio</span> <span class='ocrx_word' id='word_1_109' title='bbox 323 1288 384 1345; x_wconf 85' lang='lat' dir='ltr'>feeit</span> <span class='ocrx_word' id='word_1_110' title='bbox 392 1289 442 1346; x_wconf 86' lang='lat' dir='ltr'>hoe</span> <span class='ocrx_word' id='word_1_111' title='bbox 450 1287 548 1346; x_wconf 79' lang='lat' dir='ltr'>offensa</span> <span class='ocrx_word' id='word_1_112' title='bbox 559 1291 688 1363; x_wconf 70' lang='lat' dir='ltr'>paterne)</span> 
     </span>
    </p>

    <p class='ocr_par' dir='ltr' id='par_1_17' title="bbox 60 1363 710 1438">
     <span class='ocr_line' id='line_1_17' title="bbox 60 1363 710 1438; baseline -0.003 -17"><span class='ocrx_word' id='word_1_113' title='bbox 60 1367 120 1422; x_wconf 87' lang='lat' dir='ltr'>talia</span> <span class='ocrx_word' id='word_1_114' title='bbox 129 1366 209 1422; x_wconf 83' lang='lat' dir='ltr'>verba</span> <span class='ocrx_word' id='word_1_115' title='bbox 219 1364 309 1421; x_wconf 78' lang='lat' dir='ltr'><strong>refert:</strong></span> <span class='ocrx_word' id='word_1_116' title='bbox 329 1363 424 1422; x_wconf 78' lang='lat' dir='ltr'>Melius</span> <span class='ocrx_word' id='word_1_117' title='bbox 433 1381 571 1438; x_wconf 84' lang='lat' dir='ltr'>sequerere</span> <span class='ocrx_word' id='word_1_118' title='bbox 579 1364 710 1421; x_wconf 77' lang='lat' dir='ltr'>volentem</span> 
     </span>
    </p>

    <p class='ocr_par' dir='ltr' id='par_1_18' title="bbox 59 1439 761 1514">
     <span class='ocr_line' id='line_1_18' title="bbox 59 1439 761 1514; baseline -0.003 -17"><span class='ocrx_word' id='word_1_119' title='bbox 59 1450 245 1514; x_wconf 83' lang='lat' dir='ltr'>optantemque</span> <span class='ocrx_word' id='word_1_120' title='bbox 254 1440 355 1507; x_wconf 84' lang='lat' dir='ltr'>eadem,</span> <span class='ocrx_word' id='word_1_121' title='bbox 374 1439 506 1513; x_wconf 85' lang='lat' dir='ltr'>parilique</span> <span class='ocrx_word' id='word_1_122' title='bbox 514 1439 641 1512; x_wconf 85' lang='lat' dir='ltr'>cupidine</span> <span class='ocrx_word' id='word_1_123' title='bbox 648 1448 761 1511; x_wconf 84' lang='lat' dir='ltr'>captam.</span> 
     </span>
    </p>

    <p class='ocr_par' dir='ltr' id='par_1_19' title="bbox 59 1513 849 1592">
     <span class='ocr_line' id='line_1_19' title="bbox 59 1513 849 1592; baseline 0 -20"><span class='ocrx_word' id='word_1_124' title='bbox 59 1519 161 1592; x_wconf 80' lang='lat' dir='ltr'>Dignus</span> <span class='ocrx_word' id='word_1_125' title='bbox 170 1534 241 1572; x_wconf 89' lang='lat' dir='ltr'>eras:</span> <span class='ocrx_word' id='word_1_126' title='bbox 262 1513 331 1571; x_wconf 89' lang='lat' dir='ltr'>ultro</span> <span class='ocrx_word' id='word_1_127' title='bbox 339 1516 680 1590; x_wconf 79' lang='lat' dir='ltr'>peterasoertequsrogari:</span> <span class='ocrx_word' id='word_1_128' title='bbox 824 1528 849 1572; x_wconf 82' lang='lat'>30</span> 
     </span>
    </p>

    <p class='ocr_par' dir='ltr' id='par_1_20' title="bbox 59 1589 774 1664">
     <span class='ocr_line' id='line_1_20' title="bbox 59 1589 774 1664; baseline -0.004 -16"><span class='ocrx_word' id='word_1_129' title='bbox 59 1600 97 1657; x_wconf 79' lang='lat' dir='ltr'>et.</span> <span class='ocrx_word' id='word_1_130' title='bbox 118 1592 141 1647; x_wconf 90' lang='lat' dir='ltr'>si</span> <span class='ocrx_word' id='word_1_131' title='bbox 151 1609 226 1663; x_wconf 89' lang='lat' dir='ltr'>spem</span> <span class='ocrx_word' id='word_1_132' title='bbox 235 1590 351 1656; x_wconf 83' lang='lat' dir='ltr'>dederis,</span> <span class='ocrx_word' id='word_1_133' title='bbox 372 1590 533 1657; x_wconf 77' lang='lat' dir='ltr'>mihicrede,</span> <span class='ocrx_word' id='word_1_134' title='bbox 554 1591 686 1664; x_wconf 80' lang='lat' dir='ltr'>rogaberis</span> <span class='ocrx_word' id='word_1_135' title='bbox 696 1589 774 1647; x_wconf 87' lang='lat' dir='ltr'>ultro.</span> 
     </span>
    </p>

    <p class='ocr_par' dir='ltr' id='par_1_21' title="bbox 60 1665 676 1736">
     <span class='ocr_line' id='line_1_21' title="bbox 60 1665 676 1736; baseline -0.006 -14"><span class='ocrx_word' id='word_1_136' title='bbox 60 1669 117 1722; x_wconf 87' lang='lat' dir='ltr'>Neu</span> <span class='ocrx_word' id='word_1_137' title='bbox 125 1665 239 1730; x_wconf 87' lang='lat' dir='ltr'>dubites,</span> <span class='ocrx_word' id='word_1_138' title='bbox 261 1665 382 1736; x_wconf 84' lang='lat' dir='ltr'>adsitque</span> <span class='ocrx_word' id='word_1_139' title='bbox 390 1672 450 1720; x_wconf 88' lang='lat' dir='ltr'>tuae</span> <span class='ocrx_word' id='word_1_140' title='bbox 459 1665 556 1722; x_wconf 86' lang='lat' dir='ltr'>fiducia</span> <span class='ocrx_word' id='word_1_141' title='bbox 565 1665 676 1721; x_wconf 84' lang='lat' dir='ltr'>formae:</span> 
     </span>
    </p>

    <p class='ocr_par' dir='ltr' id='par_1_22' title="bbox 60 1736 743 1813">
     <span class='ocr_line' id='line_1_22' title="bbox 60 1736 743 1813; baseline -0.006 -18"><span class='ocrx_word' id='word_1_142' title='bbox 60 1757 165 1813; x_wconf 78' lang='lat' dir='ltr'>onega,</span> <span class='ocrx_word' id='word_1_143' title='bbox 185 1756 270 1811; x_wconf 90' lang='lat' dir='ltr'><strong>quum</strong></span> <span class='ocrx_word' id='word_1_144' title='bbox 280 1739 403 1803; x_wconf 81' lang='lat' dir='ltr'>densim,</span> <span class='ocrx_word' id='word_1_145' title='bbox 424 1739 501 1794; x_wconf 84' lang='lat' dir='ltr'>nitidi</span> <span class='ocrx_word' id='word_1_146' title='bbox 510 1755 596 1812; x_wconf 88' lang='lat' dir='ltr'><strong>quum</strong></span> <span class='ocrx_word' id='word_1_147' title='bbox 605 1736 743 1800; x_wconf 69' lang='lat' dir='ltr'>fiiiaSolis</span> 
     </span>
    </p>

    <p class='ocr_par' dir='ltr' id='par_1_23' title="bbox 60 1813 796 1953">
     <span class='ocr_line' id='line_1_23' title="bbox 60 1813 796 1887; baseline -0.001 -17"><span class='ocrx_word' id='word_1_148' title='bbox 60 1815 176 1870; x_wconf 89' lang='lat' dir='ltr'>carmine</span> <span class='ocrx_word' id='word_1_149' title='bbox 184 1830 269 1887; x_wconf 87' lang='lat' dir='ltr'>quum</span> <span class='ocrx_word' id='word_1_150' title='bbox 279 1818 501 1878; x_wconf 54' lang='lat' dir='ltr'>tentamentum</span> <span class='ocrx_word' id='word_1_151' title='bbox 511 1829 596 1885; x_wconf 91' lang='lat' dir='ltr'>quum</span> <span class='ocrx_word' id='word_1_152' title='bbox 605 1813 726 1886; x_wconf 82' lang='lat' dir='ltr'>gramina</span> <span class='ocrx_word' id='word_1_153' title='bbox 734 1830 796 1886; x_wconf 88' lang='lat' dir='ltr'>pos-</span> 
     </span>
     <span class='ocr_line' id='line_1_24' title="bbox 586 1905 649 1953; baseline 0 -10"><span class='ocrx_word' id='word_1_154' title='bbox 586 1905 649 1953; x_wconf 78' lang='lat' dir='ltr'>sim,</span> 
     </span>
    </p>

    <p class='ocr_par' dir='ltr' id='par_1_24' title="bbox 61 1961 850 2037">
     <span class='ocr_line' id='line_1_25' title="bbox 61 1961 850 2037; baseline -0.009 -13"><span class='ocrx_word' id='word_1_155' title='bbox 61 1974 91 2024; x_wconf 86' lang='lat' dir='ltr'>ut</span> <span class='ocrx_word' id='word_1_156' title='bbox 99 1974 145 2022; x_wconf 90' lang='lat' dir='ltr'>tua</span> <span class='ocrx_word' id='word_1_157' title='bbox 153 1962 215 2031; x_wconf 88' lang='lat' dir='ltr'>sim,</span> <span class='ocrx_word' id='word_1_158' title='bbox 235 1977 326 2022; x_wconf 84' lang='lat' dir='ltr'>voveo.</span> <span class='ocrx_word' id='word_1_159' title='bbox 354 1961 526 2035; x_wconf 71' lang='lat' dir='ltr'>spernentem</span> <span class='ocrx_word' id='word_1_160' title='bbox 536 1980 645 2036; x_wconf 81' lang='lat' dir='ltr'>sperne:</span> <span class='ocrx_word' id='word_1_161' title='bbox 666 1965 786 2037; x_wconf 83' lang='lat' dir='ltr'>sequenti</span> <span class='ocrx_word' id='word_1_162' title='bbox 825 1976 850 2017; x_wconf 78' lang='lat' dir='ltr'>as</span> 
     </span>
    </p>

    <p class='ocr_par' dir='ltr' id='par_1_25' title="bbox 60 2037 658 2112">
     <span class='ocr_line' id='line_1_26' title="bbox 60 2037 658 2112; baseline -0.003 -16"><span class='ocrx_word' id='word_1_163' title='bbox 60 2041 139 2097; x_wconf 85' lang='lat' dir='ltr'>redde</span> <span class='ocrx_word' id='word_1_164' title='bbox 147 2041 233 2096; x_wconf 81' lang='lat' dir='ltr'>vices:</span> <span class='ocrx_word' id='word_1_165' title='bbox 253 2054 361 2112; x_wconf 85' lang='lat' dir='ltr'>unoque</span> <span class='ocrx_word' id='word_1_166' title='bbox 369 2037 438 2095; x_wconf 88' lang='lat' dir='ltr'>duos</span> <span class='ocrx_word' id='word_1_167' title='bbox 446 2038 572 2096; x_wconf 81' lang='lat' dir='ltr'>ulciscere</span> <span class='ocrx_word' id='word_1_168' title='bbox 582 2039 658 2096; x_wconf 81' lang='lat' dir='ltr'>iacto.</span> 
     </span>
    </p>

    <p class='ocr_par' dir='ltr' id='par_1_26' title="bbox 60 2114 793 2188">
     <span class='ocr_line' id='line_1_27' title="bbox 60 2114 793 2188; baseline 0 -20"><span class='ocrx_word' id='word_1_169' title='bbox 60 2115 134 2170; x_wconf 81' lang='lat' dir='ltr'>Talia</span> <span class='ocrx_word' id='word_1_170' title='bbox 142 2116 265 2181; x_wconf 76' lang='lat' dir='ltr'>tentanti,</span> <span class='ocrx_word' id='word_1_171' title='bbox 285 2115 377 2181; x_wconf 86' lang='lat' dir='ltr'>Prius,</span> <span class='ocrx_word' id='word_1_172' title='bbox 396 2114 497 2188; x_wconf 81' lang='lat' dir='ltr'>inquit,</span> <span class='ocrx_word' id='word_1_173' title='bbox 517 2115 547 2170; x_wconf 91' lang='lat' dir='ltr'>in</span> <span class='ocrx_word' id='word_1_174' title='bbox 555 2132 668 2188; x_wconf 80' lang='lat' dir='ltr'>aequore</span> <span class='ocrx_word' id='word_1_175' title='bbox 680 2114 793 2176; x_wconf 82' lang='lat' dir='ltr'>frondes,</span> 
     </span>
    </p>

    <p class='ocr_par' dir='ltr' id='par_1_27' title="bbox 61 2187 785 2260">
     <span class='ocr_line' id='line_1_28' title="bbox 61 2187 785 2260; baseline -0.006 -16"><span class='ocrx_word' id='word_1_176' title='bbox 61 2188 188 2254; x_wconf 81' lang='lat' dir='ltr'><strong>Glaucus,</strong></span> <span class='ocrx_word' id='word_1_177' title='bbox 209 2190 396 2244; x_wconf 83' lang='lat' dir='ltr'>etinsummis</span> <span class='ocrx_word' id='word_1_178' title='bbox 405 2196 546 2245; x_wconf 77' lang='lat' dir='ltr'>nascentur</span> <span class='ocrx_word' id='word_1_179' title='bbox 554 2190 690 2245; x_wconf 73' lang='lat' dir='ltr'>montibus</span> <span class='ocrx_word' id='word_1_180' title='bbox 698 2187 785 2260; x_wconf 57' lang='lat' dir='ltr'>algam</span> 
     </span>
    </p>

    <p class='ocr_par' dir='ltr' id='par_1_28' title="bbox 61 2261 709 2335">
     <span class='ocr_line' id='line_1_29' title="bbox 61 2261 709 2335; baseline 0.002 -18"><span class='ocrx_word' id='word_1_181' title='bbox 61 2261 159 2333; x_wconf 83' lang='lat' dir='ltr'>sospite</span> <span class='ocrx_word' id='word_1_182' title='bbox 167 2274 249 2334; x_wconf 85' lang='lat' dir='ltr'>qnam</span> <span class='ocrx_word' id='word_1_183' title='bbox 258 2261 346 2335; x_wconf 75' lang='lat' dir='ltr'>scylla</span> <span class='ocrx_word' id='word_1_184' title='bbox 355 2264 437 2319; x_wconf 85' lang='lat' dir='ltr'>nostri</span> <span class='ocrx_word' id='word_1_185' title='bbox 450 2271 585 2319; x_wconf 89' lang='lat' dir='ltr'>mutentur</span> <span class='ocrx_word' id='word_1_186' title='bbox 596 2278 709 2318; x_wconf 80' lang='lat' dir='ltr'>amores.</span> 
     </span>
    </p>

    <p class='ocr_par' dir='ltr' id='par_1_29' title="bbox 61 2335 850 2410">
     <span class='ocr_line' id='line_1_30' title="bbox 61 2335 850 2410; baseline -0.009 -17"><span class='ocrx_word' id='word_1_187' title='bbox 61 2336 199 2410; x_wconf 76' lang='lat' dir='ltr'>Indignata</span> <span class='ocrx_word' id='word_1_188' title='bbox 206 2336 255 2391; x_wconf 86' lang='lat' dir='ltr'>dea</span> <span class='ocrx_word' id='word_1_189' title='bbox 264 2343 318 2391; x_wconf 80' lang='lat' dir='ltr'>est:</span> <span class='ocrx_word' id='word_1_190' title='bbox 338 2345 373 2401; x_wconf 82' lang='lat' dir='ltr'>et,</span> <span class='ocrx_word' id='word_1_191' title='bbox 391 2336 491 2393; x_wconf 86' lang='lat' dir='ltr'>laedere</span> <span class='ocrx_word' id='word_1_192' title='bbox 500 2344 631 2410; x_wconf 86' lang='lat' dir='ltr'>quatenus</span> <span class='ocrx_word' id='word_1_193' title='bbox 641 2335 732 2405; x_wconf 86' lang='lat' dir='ltr'>ipsum</span> <span class='ocrx_word' id='word_1_194' title='bbox 825 2341 850 2386; x_wconf 79' lang='lat' dir='ltr'>tt</span> 
     </span>
    </p>

    <p class='ocr_par' dir='ltr' id='par_1_30' title="bbox 62 2408 687 2483">
     <span class='ocr_line' id='line_1_31' title="bbox 62 2408 687 2483; baseline -0.01 -15"><span class='ocrx_word' id='word_1_195' title='bbox 62 2429 114 2468; x_wconf 90' lang='lat' dir='ltr'>non</span> <span class='ocrx_word' id='word_1_196' title='bbox 123 2417 222 2483; x_wconf 81' lang='lat' dir='ltr'>peterat</span> <span class='ocrx_word' id='word_1_197' title='bbox 234 2425 282 2464; x_wconf 88' lang='lat' dir='ltr'>nee</span> <span class='ocrx_word' id='word_1_198' title='bbox 293 2408 370 2465; x_wconf 84' lang='lat' dir='ltr'>vellet</span> <span class='ocrx_word' id='word_1_199' title='bbox 379 2427 486 2477; x_wconf 85' lang='lat' dir='ltr'>amans,</span> <span class='ocrx_word' id='word_1_200' title='bbox 507 2410 628 2465; x_wconf 82' lang='lat' dir='ltr'>irascitur</span> <span class='ocrx_word' id='word_1_201' title='bbox 638 2409 687 2472; x_wconf 84' lang='lat' dir='ltr'>illi,</span> 
     </span>
    </p>
   </div>
   <div class='ocr_carea' id='block_1_3' title="bbox 61 2481 790 2712">
    <p class='ocr_par' dir='ltr' id='par_1_31' title="bbox 61 2481 790 2712">
     <span class='ocr_line' id='line_1_32' title="bbox 61 2481 790 2559; baseline -0.01 -17"><span class='ocrx_word' id='word_1_202' title='bbox 61 2503 130 2559; x_wconf 85' lang='lat' dir='ltr'>quae</span> <span class='ocrx_word' id='word_1_203' title='bbox 139 2485 191 2540; x_wconf 88' lang='lat' dir='ltr'>sihi</span> <span class='ocrx_word' id='word_1_204' title='bbox 200 2482 313 2556; x_wconf 86' lang='lat' dir='ltr'>praelata</span> <span class='ocrx_word' id='word_1_205' title='bbox 323 2490 376 2540; x_wconf 79' lang='lat' dir='ltr'>est:</span> <span class='ocrx_word' id='word_1_206' title='bbox 396 2486 559 2557; x_wconf 87' lang='lat' dir='ltr'>Venerisque</span> <span class='ocrx_word' id='word_1_207' title='bbox 568 2483 666 2540; x_wconf 83' lang='lat' dir='ltr'>offensa</span> <span class='ocrx_word' id='word_1_208' title='bbox 676 2481 790 2554; x_wconf 85' lang='lat' dir='ltr'>repulsa,</span> 
     </span>
     <span class='ocr_line' id='line_1_33' title="bbox 61 2557 657 2633; baseline -0.007 -17"><span class='ocrx_word' id='word_1_209' title='bbox 61 2561 183 2633; x_wconf 87' lang='lat' dir='ltr'>protinus</span> <span class='ocrx_word' id='word_1_210' title='bbox 192 2558 330 2616; x_wconf 85' lang='lat' dir='ltr'>horrendis</span> <span class='ocrx_word' id='word_1_211' title='bbox 341 2557 448 2614; x_wconf 81' lang='lat' dir='ltr'>infamia</span> <span class='ocrx_word' id='word_1_212' title='bbox 461 2559 559 2631; x_wconf 84' lang='lat' dir='ltr'>pabula</span> <span class='ocrx_word' id='word_1_213' title='bbox 571 2560 657 2613; x_wconf 82' lang='lat' dir='ltr'>suecis</span> 
     </span>
     <span class='ocr_line' id='line_1_34' title="bbox 61 2633 695 2712; baseline -0.011 -19"><span class='ocrx_word' id='word_1_214' title='bbox 61 2637 184 2693; x_wconf 82' lang='lat' dir='ltr'>conterit:</span> <span class='ocrx_word' id='word_1_215' title='bbox 204 2643 229 2691; x_wconf 86' lang='lat' dir='ltr'>et</span> <span class='ocrx_word' id='word_1_216' title='bbox 238 2634 305 2689; x_wconf 85' lang='lat' dir='ltr'>tritis</span> <span class='ocrx_word' id='word_1_217' title='bbox 315 2634 437 2712; x_wconf 71' lang='lat' dir='ltr'>Hecateia</span> <span class='ocrx_word' id='word_1_218' title='bbox 447 2634 568 2691; x_wconf 78' lang='lat' dir='ltr'>earmina</span> <span class='ocrx_word' id='word_1_219' title='bbox 575 2633 695 2693; x_wconf 50' lang='lat' dir='ltr'>rdxsnstx</span> 
     </span>
    </p>
   </div>
   <div class='ocr_carea' id='block_1_4' title="bbox 0 0 947 2940">
    <p class='ocr_par' dir='ltr' id='par_1_32' title="bbox 0 0 947 2940">
     <span class='ocr_line' id='line_1_35' title="bbox 0 0 947 2940; baseline 0 0"><span class='ocrx_word' id='word_1_220' title='bbox 0 0 947 2940; x_wconf 95' lang='lat' dir='ltr'> </span> 
     </span>
    </p>
   </div>
  </div>
 </body>
</html>
