1874 2940
175 131 548 178 METAMORPHOSEON
565 136 633 178 ms.
647 135 678 178 x.
744 129 792 182 229

55 232 111 286 sive
122 230 200 285 fidem
211 230 324 284 dederat.
354 229 450 286 Multas
460 238 548 286 tamen
557 232 634 287 ardor
643 233 756 288 babebat

55 306 165 378 iungere
175 321 203 359 se
212 305 279 358 vati:
300 303 399 360 multae
408 304 513 360 doluere
522 303 652 376 repulsae.

55 378 101 433 Ille
111 379 190 433 etiam
199 379 331 434 Thracum
338 378 445 452 populis
457 379 509 436 luit
519 386 620 445 auctor,
639 396 756 435 amorem

55 454 84 508 in
94 461 196 508 teneros
205 451 344 509 transferre
353 471 454 512 mares:
475 454 592 527 citraque
602 453 737 508 iuventam

56 527 146 582 aetatis
155 527 234 583 breve
245 545 300 594 ver,
319 535 344 583 et
351 528 453 601 primos
462 546 567 602 carpere
577 527 662 585 dores.
823 540 847 581 85

94 600 174 658 Collis
183 610 246 670 erat,
267 601 413 675 collemque
424 621 504 676 super
511 603 668 676 planissima
677 602 765 674 campi

56 694 128 732 area:
150 695 231 750 quam
240 678 353 735 viridem
363 677 493 736 iaciebant
501 678 631 754 graminis
643 677 749 732 herbae.

55 752 154 808 Umbra
164 752 219 810 loeo
229 753 325 810 deerat.
355 751 564 827 Quapostquam
574 759 648 826 parta
660 751 757 807 resedit

55 828 98 882 dts
107 828 212 900 genitus
222 836 304 894 vates,
324 827 638 898 ettilasonantiamovit3

57 903 151 956 umbra
164 902 310 957 locovenit.
339 902 399 957 Non
409 902 525 959 Chaonis
535 902 620 958 abluit
629 902 717 968 arboS,
821 911 847 955 tu

57 993 110 1029 non
121 975 370 1040 nemuslleliadum‚
377 993 431 1031 non
440 975 580 1032 frondibus
589 977 712 1032 aesculus
723 976 792 1042 altis,

56 1063 104 1100 nec
113 1046 184 1101 tiliae
194 1047 295 1112 molles,
316 1047 458 1120 neofagus‚
479 1057 505 1104 et
513 1049 615 1104 innuba
625 1049 730 1111 laurus:

56 1126 81 1173 et
90 1119 172 1191 coryli
182 1119 297 1192 fragiles,
317 1128 343 1176 et
352 1120 471 1176 fraxinus
481 1120 555 1178 utilis
564 1122 657 1188 hastis,

56 1193 200 1264 enodisque
212 1195 294 1259 abies,
315 1202 476 1266 curvataque
486 1194 632 1270 glandibus
639 1195 702 1260 ilex,

57 1275 83 1322 et
91 1266 214 1339 platanus
223 1267 345 1341 genialis,
365 1286 477 1342 acerque
488 1268 621 1325 coloribus
631 1269 728 1340 impar,
823 1284 848 1326 es

59 1340 255 1416 amnicolaeque
265 1342 347 1398 simul
355 1342 459 1410 salices,
478 1351 504 1398 et
512 1343 632 1416 aquatica
643 1342 717 1410 lotos,

56 1424 235 1490 perpetuoque
244 1417 441 1485 virensbuxus,
461 1425 609 1490 tenuesque
620 1418 745 1494 myricae,

57 1499 83 1546 et
91 1490 190 1547 bicolor
198 1499 312 1566 myrtus,
332 1501 357 1548 et
366 1493 453 1548 baocis
465 1492 568 1549 caerula
578 1493 665 1550 tinus:

57 1584 105 1622 vos
115 1584 222 1639 quoque
231 1566 371 1640 flexipedes
380 1568 491 1625 hederae
499 1569 620 1635 venistis,
641 1579 730 1625 etuna

56 1641 212 1713 pampineae
220 1642 296 1709 vites,
317 1650 342 1699 el
353 1644 463 1700 amictae
472 1644 575 1701 vitibus
583 1643 665 1699 ulmi:
810 1657 849 1700 too

57 1716 178 1788 ornique,
199 1724 224 1773 et
249 1718 329 1785 ideae,
349 1736 482 1791 pomoque
492 1725 596 1776 onerata
605 1718 711 1776 rubenti

58 1790 177 1858 arbutus,
199 1735 325 1860 etlintae,
346 1793 588 1867 victorispraernia‚
608 1792 725 1866 palma03

56 1873 82 1920 et
90 1866 223 1923 succincta
231 1884 330 1936 eomas,
350 1867 506 1942 hirsutaque
514 1869 610 1925 vertice
618 1869 711 1942 pinus,

55 1950 129 2015 grata
138 1941 218 1998 deum
229 1944 319 2000 matri:
340 1943 472 2017 siquidem
482 1943 625 2020 Cybeleius
634 1945 702 1999 Attis

57 2018 130 2071 exuit
142 2018 344 2084 baobominem.
363 2027 512 2092 truneoque
520 2018 641 2082 induruit
650 2018 706 2076 illo.
811 2031 849 2074 105

93 2089 185 2147 Adfuit
194 2093 257 2149 buio
265 2095 367 2160 turbae,
387 2101 469 2153 metas
479 2093 590 2160 imitata,
610 2112 762 2167 cupressus,

57 2166 224 2234 nunoarbor‚
244 2169 434 2240 puerantedeo
444 2167 557 2224 dileatus
568 2168 666 2233 abillo,

57 2234 106 2306 qui
119 2235 244 2295 citharam
254 2242 352 2309 nervis,
372 2251 398 2299 et
407 2241 495 2299 nervis
505 2250 632 2314 temperat
641 2257 742 2297 areum.

57 2308 179 2380 Namque
188 2330 259 2370 sacer
269 2316 402 2390 Nymphis
413 2317 539 2375 Carthaea
549 2316 699 2375 tenentibus
709 2331 772 2370 arva

57 2382 153 2456 ingens
162 2400 254 2442 cervus
264 2397 331 2445 erat:
352 2389 456 2464 lateque
464 2391 616 2463 patentibus
625 2388 690 2444 altas
810 2399 849 2442 11⁰
887 2448 890 2453 .

57 2459 115 2529 ipse
124 2476 174 2514 suo
183 2461 261 2533 capiti
269 2463 411 2533 praebebat
422 2465 548 2522 eornibus
560 2464 684 2520 umbras:

58 2549 156 2588 cornua
166 2532 302 2610 fulgebant
311 2555 389 2595 auro:
411 2540 581 2611 demissaque
589 2539 618 2593 in
627 2555 716 2592 umes

57 2607 207 2680 pendebant
217 2613 288 2668 tereti
297 2619 430 2687 gemmata
439 2611 642 2671 moniliaoollo.
