1874 2940
176 108 548 155 METAMORPHOSEON
568 111 695 158 LIB.IX.
753 108 803 161 219

67 207 188 263 Protinus
201 209 331 280 impressa
342 207 430 281 signat
441 225 489 263 sua
502 208 612 263 crimina
623 228 741 283 gemma3
819 226 858 269 555

65 300 148 353 quam
158 283 238 337 tinxit
249 282 377 337 lacrimis:
398 281 505 357 linguae
514 281 643 337 deiecerat
650 285 763 341 humor:

65 357 151 428 deque
160 357 218 411 suis
227 374 313 413 unum
323 357 430 413 famulis
440 356 597 429 pudibunde
610 361 726 413 vocavit:

65 440 91 485 et
101 430 212 503 paulum
224 431 350 499 blandita,
370 432 492 499 Fsrhas‚
512 432 650 498 fidissime,
673 441 770 501 nostro,

65 506 144 572 dixit,
164 514 189 562 et
198 507 291 564 adiecit
300 507 379 582 longo
390 516 450 580 post
459 516 584 579 tempore,
608 507 692 562 fratri.

65 581 157 647 Quum
166 581 246 650 daret,
265 582 626 656 elapsaemanibuscecidere
638 581 755 639 tabellae.
819 596 857 639 570

65 655 272 715 Omineturbate
281 667 334 715 est:
355 657 430 713 misit
438 667 536 714 tamen.
566 657 634 731 Apta
644 658 766 715 minister

63 741 283 805 temporanaetus
293 735 356 799 adit,
377 733 509 807 traditque
518 733 624 791 latentia
636 735 726 791 verbs.

63 807 196 864 Attonitus
205 810 294 865 subite
304 809 410 865 iuvenis
419 808 586 864 Maeandrius
597 810 645 877 irs,

62 883 167 955 proiicit
177 890 305 955 atneptis,
328 880 392 937 lecte
405 881 548 954 stipare,
568 884 691 941 tabellas:

64 957 165 1026 vixque
172 973 270 1010 manus
279 955 395 1008 retinens
404 956 558 1024 trepidantis
569 959 601 1011 ab
611 976 655 1013 ore
664 960 790 1024 ministri,
817 972 855 1014 575

63 1031 133 1083 Dum
143 1027 211 1092 licet.
230 1027 348 1083 ovetitse
356 1026 478 1082 scelerate
487 1026 606 1084 libidinis
616 1039 713 1095 auctor,

64 1101 160 1174 effuge,
180 1101 229 1156 ait:
250 1100 308 1172 qui,
327 1100 351 1155 si
364 1105 486 1155 nostrum
498 1108 543 1155 tue
555 1100 607 1156 ieta
616 1104 744 1172 pudorem

64 1194 118 1231 non
127 1175 259 1231 traherent
268 1190 367 1239 seeum,
387 1189 485 1245 poenas
494 1174 562 1227 mihi
570 1183 654 1229 morte
662 1175 789 1231 dedisses.

64 1250 111 1307 llle
121 1249 191 1323 fugit
199 1247 322 1320 pavidus,
343 1247 518 1319 dominasque
527 1246 621 1303 ferocia
631 1248 716 1303 Cauni

64 1327 133 1380 dicte
143 1323 230 1378 refert.
259 1321 344 1377 Palles
357 1318 456 1387 audita,
475 1321 563 1396 Bybli‚
582 1321 703 1395 repulse:
817 1337 855 1381 585

64 1410 89 1454 et
98 1406 176 1470 pavet
184 1398 323 1455 obsessum
332 1396 436 1473 glaciali
449 1395 653 1472 fiigorepeetus.

63 1475 139 1530 Mens
149 1481 237 1531 tamen
245 1479 277 1528 ut
284 1472 374 1540 rediit,
394 1472 491 1545 puriter
500 1473 599 1530 rediere
607 1474 723 1532 furores:

64 1547 338 1623 linguaquevixteIes
347 1549 398 1604 icto
407 1547 480 1605 dedit
490 1551 549 1605 aere
558 1568 648 1607 voees:

63 1625 97 1679 Et
106 1625 212 1682 merito:
233 1623 300 1697 quid
308 1625 380 1681 enim
389 1624 526 1681 temeraria
535 1625 655 1681 vulneris
667 1626 749 1683 huius

63 1697 273 1756 indiciumfsci‘i
289 1700 365 1773 quid,
385 1718 454 1773 quae
462 1699 569 1756 celanda
579 1699 696 1768 fuerunt,
815 1714 853 1758 585

63 1782 117 1830 tam
125 1776 177 1833 cito
188 1775 309 1832 commisi
318 1777 463 1848 properatis
472 1775 552 1831 verba
562 1775 683 1832 tabellis?

62 1849 130 1907 Ante
138 1858 193 1908 erat
201 1850 335 1926 ambiguis
345 1851 426 1906 animi
435 1851 563 1907 sententis
575 1851 651 1908 dietis

62 1926 247 1997 praetentanda
257 1926 334 1982 mihi.
363 1928 402 1982 Ne
414 1943 467 1982 non
480 1935 632 2000 sequeretur
643 1936 758 1995 euntem,

62 2007 135 2069 perte
144 2000 234 2074 aliqua
242 2000 304 2067 veli,
324 1998 412 2074 qualis
422 1999 487 2057 foret
495 2019 569 2069 aura,
589 2010 679 2059 notare

63 2070 219 2142 debueram
239 2081 349 2147 tutoque
357 2075 425 2131 mari
433 2076 582 2134 decurrere:
603 2095 754 2150 quaenunt
814 2086 853 2128 590

64 2161 117 2199 non
127 2145 267 2216 exploratis
279 2149 387 2221 implevi
397 2148 476 2205 lintea
486 2152 582 2207 ventis.

64 2219 142 2273 Nunc
149 2218 218 2274 feror
225 2219 255 2275 in
265 2222 388 2293 scopulos
396 2223 487 2298 igitur,
507 2225 698 2296 submersaque
707 2229 760 2277 toto

65 2292 162 2348 obruor
171 2291 287 2363 Ooean03
309 2313 356 2351 nec
364 2295 463 2353 hebent
472 2315 529 2354 men
539 2299 597 2355 vela
606 2313 740 2352 recursus.

65 2364 152 2434 Quid?
170 2365 242 2439 quod
250 2374 276 2422 et
284 2369 419 2425 ominibus
427 2373 504 2427 certis
513 2371 670 2445 prohibebar
679 2368 760 2424 emori

65 2441 202 2516 indulgere
210 2457 278 2507 meo,
297 2448 356 2498 tum
368 2460 453 2516 quum
463 2447 530 2502 mihi
540 2446 607 2502 ferre
619 2444 721 2499 iubenti
815 2455 853 2498 555

64 2517 169 2584 excidit,
190 2524 216 2572 et
225 2515 285 2571 iecit
293 2533 354 2588 spes
365 2525 466 2575 nostras
475 2538 533 2576 eers
543 2517 673 2576 caducas?

64 2594 156 2649 Nonne
164 2591 206 2649 vel
218 2591 263 2648 ille
272 2592 329 2648 dies
339 2589 434 2661 iuerat,
450 2593 713 2654 teitsteestxxxxtesx
