1874 2940
166 117 545 166 METAMORPHOSEON
564 117 687 164 ΜΕΝ.
765 110 797 162 99

55 227 140 276 mater
149 219 237 288 adest;
258 217 338 272 ambo
345 216 450 283 miseri,
469 215 687 271 sediustiusiila:

56 311 107 351 nec
120 311 212 350 secum
222 291 368 358 auxilium,
388 290 436 346 sed
445 291 541 364 dignes
549 298 665 361 ternpore
671 288 758 355 fletus,

57 370 270 444 plangoremque
288 365 389 423 ierunt:
416 367 559 439 vinctoque
577 365 608 493 iii
628 381 734 436 corpora
751 363 799 418 ad-

609 447 707 494 serent.

58 515 342 589 Tumsichospesait:
363 513 748 588 Lacrimammlcngamanere

60 600 179 663 tempora
187 608 235 647 vos
243 598 380 666 poterunt:
400 590 434 646 ad
442 607 520 663 opem
532 590 622 719 brairi}
635 588 699 644 hora
713 587 799 642 teren-

623 671 708 719 mest.
813 673 852 716 tta

59 742 134 797 Hanc
142 758 190 816 ego
202 741 226 797 si
238 748 353 814 peterem
362 742 473 796 Perseus
482 742 543 796 love
553 747 630 796 natus
641 747 667 794 et
675 738 730 803 illa,

60 833 142 888 quam
151 816 268 872 clausam
278 815 399 888 implevit
408 815 521 872 fecundo
529 815 629 887 Iupiter
637 833 711 880 auro,

61 891 192 965 Gorgonis
200 891 373 965 anguicomae
381 891 493 946 Perseus
503 898 648 961 superator,
672 887 755 944 stalis

60 966 192 1021 aethereas
202 983 285 1021 ausus
293 965 497 1036 iactatisireper
506 981 599 1020 auras:

60 1039 204 1113 praeferrer
212 1039 315 1094 cunctis
324 1046 392 1094 certe
400 1055 491 1112 gener.
510 1036 613 1092 Addere
623 1039 702 1092 tantis
813 1049 853 1090 τοο

59 1115 168 1171 dotibus
177 1120 203 1168 et
210 1112 349 1177 meritum,
369 1111 473 1167 faveant
481 1110 560 1166 modo
570 1112 695 1175 numina,
719 1119 797 1165 tento.

59 1190 97 1246 Ut
106 1204 165 1242 mea
173 1186 217 1251 sit,
239 1192 341 1240 servata
350 1202 408 1239 mea
417 1185 524 1248 virtute,
547 1184 674 1254 paciscor.

61 1260 205 1332 Accipiunt
213 1258 308 1332 legem,
328 1258 399 1331 (quis
409 1258 482 1313 enim
490 1255 647 1330 dubitareti)
665 1263 690 1310 et
699 1265 774 1312 orant

61 1335 275 1413 promittuntque
285 1350 366 1405 super
374 1349 487 1406 regnum
496 1330 581 1388 dotale
593 1339 724 1404 parantes.

61 1409 307 1475 Eccevelutnavis‚
326 1408 443 1481 praefixo
452 1407 653 1472 concitarem,
815 1419 854 1462 τοῦ

62 1487 148 1544 sulcat
157 1503 250 1558 aquas,
270 1484 400 1541 iuvenum
411 1483 571 1540 sudantibus
579 1491 636 1538 acta
646 1481 762 1552 lacertis3

62 1565 102 1619 sic
111 1561 182 1629 iera„
194 1560 300 1616 dimotis
309 1559 429 1632 impulsu
437 1558 549 1633 pectoris
558 1558 650 1625 undis,

63 1645 167 1694 tanturn
177 1637 265 1693 aberat
274 1636 401 1709 scopulis,
421 1643 554 1708 quantum
565 1633 697 1691 Balearica
707 1641 773 1691 terte

63 1712 146 1768 iunda
158 1719 243 1785 potest
251 1711 362 1784 plumbo
372 1711 452 1767 medii
461 1709 638 1767 transmittere
645 1707 724 1764 caeli:

63 1805 150 1860 quum
160 1788 248 1843 subito
256 1787 370 1853 iuvenis,
390 1786 503 1859 pedibus
513 1784 606 1840 tellure
615 1781 731 1855 repulsa,
816 1796 855 1838 tta

64 1862 165 1918 arduus
175 1862 204 1918 in
213 1862 298 1918 nubes
308 1861 386 1916 abiit:
407 1868 433 1916 et
441 1862 470 1916 in
480 1876 593 1931 aequore
600 1875 709 1914 summo

65 1937 161 1993 umbra
169 1938 221 1994 viri
230 1937 289 1992 visa
297 1943 351 1992 est:
370 1936 457 1992 visam
466 1933 521 1990 iera
530 1933 651 1990 saevitia
660 1934 794 1989 umbram.

64 2013 151 2083 thue
160 2012 230 2067 lovis
238 2029 357 2084 praepes,
379 2028 463 2066 vacuo
472 2026 559 2083 quum
567 2008 635 2065 vidit
644 2008 672 2063 in
683 2026 745 2065 arvo

66 2085 232 2156 praebentem
242 2087 347 2142 Phoebo
356 2084 464 2141 liventia
474 2092 546 2158 terga
555 2083 706 2151 draconem,

67 2164 176 2228 occupat
194 2174 332 2216 aversum:
359 2177 412 2216 neu
422 2177 500 2214 saeva
509 2166 658 2231 retorqueat
666 2175 721 2222 ora,
816 2168 856 2210 715

66 2231 342 2304 squamigeriearidcs
351 2235 409 2309 figit
417 2234 563 2291 cervicibus
572 2249 692 2307 ungues:

66 2308 106 2362 sic
118 2304 196 2361 celeri
205 2306 303 2363 missus
312 2326 435 2382 praeceps
444 2325 491 2381 per
500 2309 579 2363 inane
587 2307 677 2363 volatu

67 2391 139 2456 terga
149 2379 217 2435 israe
226 2383 334 2452 pressit:
354 2384 499 2455 dextraque
510 2381 645 2437 frementis
654 2381 683 2434 in
693 2397 766 2434 armo

67 2455 204 2513 Inachides
213 2453 312 2510 ferrum
321 2474 403 2515 curvo
412 2467 490 2514 tenus
501 2456 601 2512 abdidit
611 2457 699 2510 hamo.

66 2530 181 2587 Vulnere
190 2530 259 2586 laesa
268 2531 343 2604 gravi
353 2533 430 2589 modo
440 2551 468 2588 se
477 2530 601 2586 sublimis
611 2531 639 2584 in
650 2546 727 2584 auras
819 2542 857 2584 720

66 2605 175 2663 attollit:
199 2606 278 2666 modo
286 2605 379 2664 subdit
388 2609 483 2686 aquis:
499 2605 583 2664 meac
593 2602 779 2660 mereterse‘xs

667 2689 727 2744 Qat-
