1874 2940
80 124 467 176 nuauoneuosaou
485 127 556 171 ΜΒ.
576 126 622 174 vl.
678 120 727 173 ⁴37

40 243 100 283 enus
110 244 126 281 a
136 240 235 298 magno
244 222 384 278 ducentem
395 223 461 278 forte
471 225 598 293 Gradivo,

40 302 115 358 rubin
124 302 237 356 Procnes
247 299 344 353 iunxit.
375 301 432 352 Non
444 300 563 369 pronuba
575 303 651 367 luno,

43 377 214 451 Hymenaeus
224 373 297 427 adest
307 373 356 437 ilii,
377 391 430 428 non
441 373 529 428 Gratia
542 373 616 430 lecto.

40 450 145 506 renides
154 457 262 504 enuere
272 447 340 502 faces
349 447 382 502 de
392 449 484 503 funere
494 456 598 518 raptas:
744 460 783 506 reo

40 524 145 581 renides
153 532 271 579 stravere
281 530 383 578 torum:
404 531 524 593 tectoque
533 521 662 593 profanus

40 599 105 655 ibuit
113 598 196 663 bubo,
216 595 381 668 thalamique
392 598 418 651 in
428 597 546 652 cuimine
555 597 632 652 sedit.

45 690 96 729 are
104 680 169 728 sunt
178 672 263 726 iuncti
273 672 371 726 Procne
381 673 547 744 Tereusque3
568 679 690 743 parentes

42 746 248 803 avesuntfacti.
279 746 385 801 Gratata
395 756 435 802 est
443 747 606 803 scilieetiilis

40 821 107 879 rata:
127 822 224 893 disque
234 820 285 890 ipsi
296 831 383 893 grates
392 839 482 896 egere:
503 822 638 896 diemque,
743 831 782 878 435

41 895 160 970 ruedata
171 902 212 950 est
220 893 291 949 claro
302 896 435 951 Pandione
446 906 505 952 nata
515 907 639 972 tyranno,

41 987 90 1045 rue
100 978 156 1026 erat
164 978 239 1025 ortus
249 970 318 1042 Itys,
339 969 436 1026 festum
447 972 548 1027 iussere
558 973 656 1028 vocari.

41 1062 72 1101 ue
81 1044 146 1101 adeo
155 1044 216 1099 latet
225 1043 335 1099 utilitas.
364 1046 419 1099 Iam
430 1055 546 1117 tempora
557 1048 634 1103 Titan

41 1136 104 1192 ique
112 1136 160 1191 per
171 1127 315 1174 autumnos
325 1121 441 1190 repetitis
452 1120 564 1174 duxerat
576 1121 668 1176 annis:

41 1193 197 1250 mblandita
206 1195 265 1249 viro
276 1195 383 1256 Procne,
404 1193 431 1246 Si
441 1195 536 1265 gratia,
556 1193 634 1257 dixit,
742 1203 782 1248 444)

45 1285 105 1324 mea
115 1276 164 1333 est,
185 1267 227 1323 vel
238 1285 281 1322 me
291 1265 416 1320 visendae
425 1267 500 1320 mitte
509 1266 591 1320 sorori
601 1284 607 1332 ;

41 1360 108 1400 teror
117 1343 171 1398 hue
179 1343 278 1398 veniat.
308 1340 461 1395 Redituram
472 1347 589 1412 tempore
598 1357 680 1411 parvo

41 1418 120 1474 nittes
129 1434 229 1474 socero.
254 1416 345 1490 Magni
357 1414 424 1470 mihi
437 1416 556 1470 numinis
570 1415 654 1471 instar

41 1510 136 1548 mnam
145 1492 246 1548 vidisse
254 1492 342 1547 dabis.
373 1491 448 1547 lubet
459 1491 502 1546 iile
511 1492 615 1547 carinas

41 1575 85 1622 eta
94 1566 204 1622 deduci:
225 1566 339 1637 veloque
349 1574 374 1621 et
385 1567 484 1641 remige
494 1575 586 1638 portus
742 1573 783 1622 445

41 1641 123 1713 ,apios
133 1642 228 1707 intrat,
249 1642 393 1714 Piraeaque
403 1642 488 1698 littera
500 1644 593 1717 tangit.

41 1717 146 1772 ›rimum
155 1716 238 1772 soceri
250 1716 309 1770 data
318 1718 407 1789 eopia,
428 1718 533 1772 dextera
544 1717 651 1772 dextrae

41 1792 117 1864 gitur:
139 1789 256 1845 infausto
265 1793 439 1847 committitur
447 1793 537 1847 omine
546 1809 643 1848 sermo.

41 1873 107 1921 ierat
119 1866 249 1921 adventus
258 1883 391 1932 caussam,
412 1866 534 1921 mandata
546 1867 641 1923 referre

42 1939 118 2015 ugis:
138 1948 164 1995 et
175 1941 272 1995 eeieres
282 1941 379 1996 missae
389 1942 519 2013 spondere
528 1959 665 1999 recursus:
742 1948 781 1994 45⁰

48 2016 123 2072 venit
132 2033 231 2089 magno
240 2015 317 2070 dives
327 2016 470 2072 Philomela
480 2025 588 2088 paratu;

41 2090 88 2147 tior
98 2089 196 2145 forma:
217 2089 311 2163 quales
323 2092 415 2146 audire
427 2090 545 2147 solemus

41 2164 78 2220 las
87 2173 113 2219 et
121 2164 238 2237 Dryades
249 2165 344 2219 mediis
354 2167 473 2221 incedere
482 2166 569 2231 silvis,

42 2238 93 2295 edo
101 2238 147 2292 des
157 2237 211 2292 iliis
221 2238 319 2304 cultus,
340 2240 495 2312 similesque
505 2247 622 2313 paratus.

53 2329 130 2368 secus
143 2314 242 2367 exarsit
253 2323 391 2384 eonspeeta
402 2316 507 2389 virgine
518 2316 626 2377 Tereus,
742 2317 781 2363 455

42 2406 63 2442 n
74 2387 98 2441 si
108 2386 171 2456 quis
180 2389 255 2442 cauis
266 2388 355 2461 iguem
365 2397 498 2460 supponat
508 2387 610 2441 aristis:

42 2460 171 2524 mandem,
192 2463 344 2533 positasque
356 2471 454 2517 cremet
465 2459 608 2515 foenilibus
619 2456 725 2513 herbas.

42 2534 186 2608 mquidem
197 2533 290 2590 facies:
312 2536 359 2590 sed
369 2545 395 2590 et
404 2538 476 2590 hunc
486 2537 576 2587 innata
587 2532 669 2589 libido

42 2609 150 2666 imuiat:
170 2626 341 2684 pronumque
353 2628 441 2687 genus
451 2607 608 2682 regionibus
615 2607 673 2662 'diis
