1874 2940
159 244 535 316 ununuounuosno'u
552 270 624 315 mn.
643 270 687 315 xn.
745 264 795 320 555

56 368 197 425 Fluctibus
206 368 329 442 erigitur,
350 366 628 440 ooelumqueuequere
635 369 740 424 videtur

56 450 165 515 pontus,
186 449 212 497 et
219 443 341 498 inductus
352 441 509 516 adspergine
516 449 624 514 tangere
632 443 727 498 nubes.

56 518 91 573 Et
99 517 187 583 modo,
200 533 287 589 quum
296 515 383 572 fulvas
393 535 429 573 ex
437 518 582 573 imoverrit
590 533 692 581 arenas,

57 591 178 648 noneolor
187 599 227 647 est
235 591 299 658 illis,
318 590 410 666 Stygia
418 591 496 648 modu
505 590 606 666 nigrior
618 590 704 646 undu:
813 604 851 646 5ου

58 666 184 721 sternitur
193 665 336 732 interdum,
355 667 514 739 spumisque
523 666 679 722 sonantibus
688 664 767 720 albet.

58 743 119 813 Ipsa
128 741 287 813 quoquebis
296 741 384 815 agitur
392 742 498 798 vicibus
508 740 647 797 Trachinia
658 739 771 812 puppis:

58 824 84 871 et
94 832 167 871 nune
176 815 311 883 sublimis,
331 815 413 873 veluti
422 817 456 873 de
463 817 559 873 vertice
568 815 676 881 montis,

58 890 192 963 despicere
201 891 231 947 in
239 890 322 948 velles
331 891 471 965 imumque
479 891 626 948 Acheronte
634 889 751 946 videtur:

59 982 141 1032 nuno,
160 966 208 1022 ubi
216 966 361 1022 demissam
370 984 483 1024 curvum
494 966 666 1023 circumstetit
674 983 781 1038 aequor,
815 976 853 1019 555

59 1040 194 1112 suspioere
202 1040 307 1098 inferno
315 1059 452 1097 summum
463 1041 496 1096 de
504 1041 609 1115 gurgite
619 1040 732 1097 eoelum.

59 1113 142 1186 Saepe
151 1114 196 1170 dat
205 1115 340 1188 ingentem
348 1113 431 1170 fluctu
440 1114 510 1169 letus
518 1116 569 1170 ieta
578 1115 723 1188 fragorem:

60 1205 109 1244 nee
118 1187 204 1245 levius
213 1189 317 1261 pulsate
326 1195 410 1253 sonet,
432 1205 514 1259 quam
524 1187 623 1243 ferreus
634 1187 698 1244 olim

61 1280 148 1336 quum
158 1262 255 1318 laceras
265 1263 333 1317 eries
342 1260 481 1317 ballistave
490 1263 606 1318 concutit
615 1279 697 1318 annes.

59 1339 148 1409 thue
158 1337 250 1402 solent,
271 1337 367 1391 sumtis
377 1336 407 1391 in
415 1352 497 1390 cursu
504 1336 618 1401 viribus,
638 1337 677 1390 ire
818 1350 856 1392 51⁰

60 1419 164 1486 pectore
172 1412 202 1466 in
213 1410 342 1466 armiferi
350 1416 536 1482 praetentaque
544 1409 595 1465 tela
605 1409 705 1477 lennes;

61 1484 660 1549 sicubiseventisoommiseratundaeoortis,

61 1560 320 1625 ibatinarmurntis‚
340 1559 478 1632 multoque
487 1567 542 1615 erut
551 1559 627 1616 altior
636 1558 700 1614 illis.

62 1639 173 1708 lamque
183 1632 273 1690 labant
284 1635 372 1701 cunei,
392 1634 557 1707 spoliataque
566 1635 683 1708 tegmine
692 1649 766 1690 cerus

62 1713 219 1782 rimapatet,
239 1709 398 1782 praebetque
408 1710 479 1766 viam
490 1708 613 1766 letalibus
622 1710 714 1766 undis.
819 1719 857 1763 555

62 1788 130 1842 Eece
138 1783 236 1839 cudunt
245 1783 311 1859 largi
321 1783 444 1841 resolutis
454 1785 572 1842 nubibus
585 1784 698 1852 imbres3

63 1863 146 1931 inque
154 1857 251 1914 fretum
260 1859 350 1914 eredas
360 1868 443 1916 totum
455 1858 612 1915 descendere
620 1858 737 1914 coelum:

63 1937 146 2007 inque
153 1933 245 2009 plagas
253 1933 318 1991 coeli
327 1933 498 1992 tumefactum
507 1933 633 1989 scandere
642 1941 766 2005 pontumt

63 2010 128 2067 Vela
137 2010 244 2066 madent
253 2010 367 2080 nimbis;
387 2017 486 2067 etcum
498 2008 654 2066 coelestibus
667 2008 748 2065 undis

64 2104 207 2159 aequoreae
216 2087 360 2143 miscentur
370 2104 464 2159 aquae.
494 2085 570 2142 Caret
580 2084 690 2159 ignibus
703 2084 803 2150 bethem
820 2092 858 2136 52⁰

64 2179 192 2234 caecaque
202 2180 255 2218 nox
263 2163 393 2234 premitur
402 2161 517 2216 tenebris
525 2160 802 2233 hiemisquesuisque.

64 2236 215 2291 Discutiunt
225 2244 311 2292 tamen
320 2237 369 2292 bas
377 2237 557 2309 praebentque
569 2236 693 2290 micantia
702 2233 792 2288 lumen

65 2308 194 2377 fulminn;
215 2309 350 2366 fulmineis
360 2312 500 2366 ardescunt
510 2311 619 2383 ignibus
632 2308 727 2363 undae.

64 2384 113 2436 Dat
122 2399 230 2454 quoque
239 2384 292 2438 iam
301 2385 386 2441 saltus
396 2387 465 2440 intra
476 2402 540 2439 cava
550 2392 619 2438 texta
628 2381 731 2436 carinae

65 2456 176 2512 fluctus:
198 2464 231 2520 et,
252 2463 282 2510 ut
290 2458 376 2525 miles,
394 2476 506 2515 numero
518 2455 690 2530 praestantior
698 2451 780 2514 omni,
821 2461 860 2504 525

66 2548 153 2604 quum
163 2546 240 2601 saepe
250 2530 356 2587 assiluit
364 2533 486 2589 defensae
496 2532 635 2589 moenibus
644 2528 728 2590 urbis,

66 2624 114 2678 spe
122 2606 221 2678 potitur
230 2603 351 2674 tandem3
372 2606 512 2680 laudisque
521 2621 647 2662 aceensus
659 2617 747 2656 amore

67 2676 309 2746 murmillonum,
329 2697 438 2737 murum
451 2689 539 2736 tumen
552 2684 660 2748 necupnt
670 2693 755 2733 unus:

67 2756 107 2810 sie
114 2755 162 2810 ubi
174 2751 317 2826 pulsarunt
325 2754 389 2811 celsi
400 2755 483 2813 latere
491 2752 700 2812 nubunbuetus,
