1874 2940
173 127 550 175 METAMORPHOSEON
569 128 690 174 L113.1v
775 124 807 175 83

62 228 158 286 efficit:
180 236 205 284 et
215 227 280 284 lecto
290 226 451 282 circumdata
461 224 568 282 colioeat
578 237 646 298 epte.

63 305 99 360 Ut
108 321 203 361 venere
214 311 302 359 torum
310 302 410 357 coniux
418 309 443 355 et
452 300 555 356 adulter
563 302 592 357 in
602 320 702 369 unum3

65 386 121 434 arte
130 378 181 434 viri
191 377 350 450 vinclisque,
372 394 440 432 nova
450 377 549 432 ratione
560 379 669 448 paratis,

64 455 93 508 in
104 453 199 507 mediis
212 453 290 508 ambo
298 451 421 523 deprensi
430 451 600 523 amplexibus
609 451 726 508 haerent.

64 528 194 583 Lemnius
202 527 333 600 extemplo
342 525 433 581 valvas
441 526 562 597 patefecit
571 526 701 583 eburnas:
823 542 862 585 185

65 603 226 675 admisitque
234 602 307 659 deos.
337 600 378 655 Illi
392 601 494 656 iacuere
504 601 577 676 ligati

64 678 186 749 turpiter.
214 678 302 750 Atque
312 676 410 749 aliquis
419 675 452 731 de
462 677 504 731 die
514 695 568 732 non
578 677 699 734 tristibus
710 687 781 750 optat

66 754 105 808 sic
115 753 171 808 fieri
182 754 278 825 turpis.
308 751 402 824 Superi
412 750 508 807 risere:
528 751 631 824 diuque

64 827 130 883 haee
139 826 190 882 fuit
199 828 228 884 in
237 835 291 884 toto
301 826 439 883 notissima
448 825 538 882 fabula
547 827 628 883 coelo.

102 903 193 977 Exigit
202 902 294 958 indicii
304 919 448 957 memorem
457 901 596 975 Cythereie
604 919 732 975 poenam:
824 917 863 958 111

66 977 149 1048 inque
159 978 228 1034 vices
237 976 327 1042 illum,
346 983 427 1032 tectos
437 977 486 1047 qui
498 975 572 1032 laesit
581 995 693 1043 amores,

67 1050 320 1122 laeditamorepari.
348 1049 420 1118 Quid
430 1068 513 1117 nunc,
532 1052 682 1124 Hyperione
691 1060 760 1119 nate,

67 1123 352 1197 formadeeorquetibi,
373 1124 526 1196 radiataque
536 1124 639 1179 lumina
648 1126 778 1196 prosunt?

68 1200 179 1268 Nempe,
201 1200 253 1253 tuis
263 1199 413 1269 omnesqui
423 1199 622 1270 terrasignibus
632 1200 699 1262 uris,

69 1273 155 1328 ureris
166 1273 227 1346 igne
236 1289 320 1327 novo:
341 1272 443 1344 quique
452 1271 542 1325 omnia
552 1272 754 1338 eerneredebes,
825 1286 864 1328 115

69 1347 238 1403 Leucothean
248 1353 365 1417 spectes:
386 1352 413 1400 et
421 1345 525 1418 virgine
535 1344 596 1418 figis
607 1345 636 1404 in
646 1363 709 1413 une,

68 1440 137 1494 quos
148 1420 250 1477 mundo
263 1421 351 1485 debes,
372 1419 472 1476 oeulos.
501 1420 579 1477 Modo
588 1421 677 1496 surgis
686 1423 740 1478 Eoo

68 1497 212 1569 temperius
221 1494 306 1552 ooelo:
327 1495 405 1551 modo
414 1495 501 1550 serius
510 1496 606 1552 incidis
618 1497 713 1566 undis,

69 1571 258 1644 spectandique
266 1589 339 1626 more
348 1569 484 1626 brumeies
493 1571 608 1646 porrigis
617 1571 705 1628 horas.

68 1647 163 1703 Deficis
172 1647 321 1715 interdum
342 1645 492 1718 vitiumque
502 1647 530 1701 in
540 1646 642 1702 lumina
652 1649 749 1704 mentis
825 1663 863 1707 2⁰0

68 1723 171 1788 transit,
191 1730 217 1777 et
227 1722 361 1778 obscurus
368 1721 488 1777 mortalia
497 1730 601 1793 pectora
611 1731 701 1778 terres.

69 1799 132 1863 Nec,
152 1797 200 1852 tibi
210 1797 282 1870 quod
292 1797 383 1852 Lunae
391 1797 469 1851 terris
476 1796 608 1868 propioris
619 1796 708 1870 imago
732 1856 734 1861 ,

68 1872 207 1938 obstiterit,
226 1871 327 1945 palles:
348 1870 410 1927 iecit
419 1872 492 1926 hune
501 1889 576 1927 amor
584 1871 642 1944 ipse
651 1872 775 1929 colorem.

68 1947 236 2021 Diligishanc
245 1965 342 2002 unam:
353 1964 403 2002 nec
411 1955 436 2003 te
443 1946 633 2076 Clymeneque,
640 1947 808 2020 Rhodosque,

69 2039 117 2077 nec
127 2031 195 2077 tenet
204 2023 303 2078 Aeaeae
312 2021 616 2096 genitrixpueherrima
626 2021 724 2088 Circes,
825 2036 863 2078 2⁰5

69 2113 190 2167 quaeque
200 2105 259 2152 tuos
268 2096 364 2170 Clytie,
385 2096 652 2168 quemvisdespecte,
673 2099 778 2168 petebat

70 2170 241 2239 concubitus3
262 2171 375 2243 ipsoque
386 2169 433 2226 iiio
441 2189 522 2244 grave
531 2172 632 2228 vulnus
640 2172 754 2229 habebat

70 2252 195 2312 tempore.
224 2245 370 2307 Leucothee
379 2245 523 2301 multarum
533 2245 630 2302 oblivia
640 2245 712 2315 iecit3

70 2316 158 2391 gentis
167 2317 310 2376 odoriferae
318 2338 401 2392 quam
411 2319 602 2376 formosissima
611 2331 688 2392 partu

70 2391 152 2447 edidit
160 2392 326 2466 Eurynome,
347 2394 394 2449 sed
404 2403 544 2466 postquam
554 2395 608 2450 fitia
618 2397 710 2461 crevit,
826 2408 864 2450 210

69 2485 152 2540 quam
162 2474 245 2522 mater
255 2477 377 2534 cunctas,
398 2477 451 2523 tam
463 2480 572 2526 matrem
583 2470 637 2525 fitia
647 2470 719 2525 vicit.

69 2543 147 2597 Rexit
156 2542 347 2598 Achaemenias
355 2543 435 2597 urbes
448 2553 521 2614 pater
530 2543 692 2598 Orchamus:
714 2546 791 2616 isque

70 2619 201 2688 septimus
211 2618 325 2691 apriseo
334 2626 490 2674 numeratur
502 2617 696 2693 eiigixxeteie.

677 2703 740 2756 N
