1874 2940
121 131 172 186 28⁰
310 136 339 184 Ρ.
359 136 490 186 ovum
506 138 672 187 NASONIS

121 237 257 314 eognitus:
278 240 506 313 equositviotus.
527 241 647 296 sirletus
662 239 695 295 ab
707 237 763 296 ullo
776 252 830 300 est.

121 313 191 368 Tum
201 314 301 371 senior:
322 313 845 386 Quemvisobstetmihitardavetustas‚
910 350 911 355 κ

122 388 260 463 multaque
268 406 311 446 me
319 388 525 464 lugiuntprimis
534 397 647 460 spectata
658 390 710 446 sub
719 391 810 458 annis,
909 360 911 443 Ι

122 463 199 536 plura
210 474 297 521 tamen
306 461 432 519 memini:
453 479 511 527 nee,
531 481 600 534 quae
609 466 696 538 magis
706 466 813 522 haereat
824 468 871 524 illa

68 549 107 594 005
121 548 276 611 pectoratus
285 545 374 594 nostro
383 544 423 591 est
432 537 500 590 inter
509 536 627 609 bellique
636 539 763 609 domique

122 622 178 669 aeta
188 622 234 670 tot.
263 613 302 667 Ao
310 611 334 665 si
343 627 424 681 quem
436 609 523 681 potuit
534 611 650 681 spetiosa
660 620 781 665 senectus
867 662 871 670 ,

122 695 292 759 spectatorem
300 699 410 753 operum
419 681 565 739 multorum
574 683 694 737 reddere:
715 684 772 737 vixi

121 758 257 814 annosbis
267 763 388 809 eentum:
409 756 566 810 nunotertie
579 756 679 810 vivitur
689 762 769 809 aetas.

122 832 198 887 Clara
208 829 300 882 deoore
308 827 359 882 luit
367 826 455 900 proles
464 825 565 883 Elateia
574 829 679 896 Caenis,

68 915 107 959 000
122 900 870 983 Thessalidumvirgopulcherrima,perquepropinquas‚

121 993 221 1050 perque
230 984 290 1033 tuas
299 978 388 1046 urbes,
399 978 457 1054 (tibi
466 978 539 1036 enlm
548 979 694 1054 popularis,
705 981 832 1060 Achille)

122 1052 269 1110 multorum
278 1052 375 1111 frustm
384 1055 454 1111 votis
462 1063 550 1129 optate
558 1075 709 1130 procorum.

122 1128 258 1188 Tentasset
267 1130 360 1188 Peleus
369 1131 499 1190 thalamos
508 1134 734 1209 quoqueforsitan
743 1132 819 1204 illos3

123 1206 170 1264 sed
178 1208 233 1264 iem
241 1216 288 1264 aut
296 1211 460 1284 eontigerent
471 1209 511 1266 illi
524 1211 658 1268 eonnubia
670 1209 762 1265 metris

68 1292 108 1338 005
123 1291 169 1340 aut
178 1284 282 1341 luerent
290 1286 422 1357 promisso
431 1292 500 1342 tuoe.
530 1288 584 1343 Nee
596 1286 690 1343 Caenis
701 1285 729 1339 in
739 1281 809 1340 ullos

122 1359 248 1432 denupsit
256 1359 401 1418 thalamos:
422 1369 574 1435 secretaque
584 1361 668 1417 littora
679 1376 789 1432 carpens

124 1435 248 1508 aequorei
257 1435 315 1491 vim
324 1453 403 1507 posse
413 1435 455 1490 dei
465 1443 518 1490 est:
539 1437 575 1489 ita
584 1434 654 1489 lamo
665 1435 773 1490 ferebat.

123 1508 210 1580 thue
219 1526 304 1565 novae
312 1511 422 1567 Veneris
431 1510 571 1581 Neptunus
580 1507 678 1582 gaudia
690 1510 772 1580 oepit;

123 1582 183 1638 Sint
192 1590 237 1638 tua
246 1583 386 1651 votelioet,
406 1583 483 1648 dixit,
506 1599 598 1637 secura
607 1581 741 1652 repulsae:

70 1669 109 1713 200
123 1656 191 1734 elige
200 1657 267 1731 quid
276 1676 383 1716 voveas.
393 1656 492 1714 Eadem
503 1656 553 1711 hoo
562 1671 670 1727 quoque
679 1657 748 1712 lame
758 1658 869 1716 ferebat.

124 1734 262 1807 Magnum,
283 1733 378 1791 Caenis
391 1734 436 1798 ait,
457 1730 519 1786 lecit
528 1728 593 1784 haee
603 1728 700 1785 iniuria
709 1740 812 1799 votum,

123 1806 175 1861 tale
183 1809 238 1880 pati
248 1809 302 1865 iam
314 1827 394 1882 posse
406 1805 484 1862 nihil.
513 1805 551 1859 Da
563 1802 662 1859 femina
675 1823 708 1860 ne
720 1807 787 1862 sim:

124 1882 213 1936 omnia
222 1885 393 1954 praestiteris.
424 1879 550 1936 Graviore
560 1878 704 1934 novissima
714 1881 800 1936 dixit·

124 1955 205 2010 verba
215 1974 289 2026 sono,
308 1963 461 2031 poteratque
470 1954 522 2009 viri
531 1952 639 2008 voxille
651 1954 744 2023 videri,

70 2043 109 2087 205
124 2029 195 2085 sicut
203 2039 267 2087 erat.
296 2034 364 2090 Nam
377 2031 431 2086 iam
443 2035 504 2084 voto
514 2027 579 2083 deus
592 2031 714 2100 aequoris
724 2030 771 2086 alti

125 2114 267 2163 annuerat:
288 2107 544 2177 dederetquesuper.
566 2120 600 2159 ne
611 2105 719 2160 saucius
729 2105 793 2161 ullis

124 2181 282 2238 vulneribus
291 2181 363 2246 lieri,
384 2177 485 2234 ferrove
492 2179 649 2235 occumbere
656 2188 755 2252 posset.

124 2258 234 2314 Munere
246 2256 330 2312 laetus
343 2253 407 2319 abit,
427 2251 577 2326 studiisque
584 2254 709 2311 virilibus
722 2273 819 2314 aevum

125 2333 208 2405 exigit
218 2330 361 2395 Atracides,
380 2327 530 2400 Peneiaque
539 2348 601 2387 arva
610 2339 735 2404 pererret.

72 2415 110 2459 200
161 2407 278 2462 Duxerat
286 2402 469 2476 Hippodamen
479 2403 572 2463 audaci
582 2409 674 2463 Ixione
684 2415 773 2473 natus,

125 2479 334 2554 Nubigenasque
345 2477 423 2543 leros,
444 2480 538 2550 positis
548 2499 581 2538 ex
590 2483 683 2539 ordine
694 2482 805 2547 mensis,

125 2552 265 2609 arboribus
274 2561 340 2611 teoto
348 2553 515 2610 discumbere
526 2558 640 2613 iusserat
648 2563 733 2612 antro.

115 2628 262 2686 Haemonii
265 2645 391 2704 proceres
402 2628 523 2705 oderant3
544 2634 683 2690 aderamus
695 2638 721 2686 et
732 2631 799 2702 ipsi:
854 2625 856 2629 ’

84 2872 131 2904 Δ
227 2888 239 2903 .-
