1874 2940
152 135 184 190 il
332 140 360 185 r.
381 137 510 185 ovrurr
527 138 693 184 nasonis

151 239 219 310 quid
229 237 351 294 lacerent.
371 238 519 295 Commisso
530 236 598 291 duae
607 236 666 290 sino
676 235 767 291 lraude
777 245 895 306 tuentur,
935 278 936 282 ,

152 314 299 368 Pandrosos
310 322 389 385 atque
399 315 489 367 llerse.
515 311 634 365 Timidus
644 320 719 365 vocat
730 327 783 364 una
793 329 896 367 sorores

99 400 138 442 555
154 387 296 460 Aglauros:
320 388 457 458 nodosque
467 403 549 441 manu
559 385 674 440 diducit:
696 393 722 439 et
734 384 806 439 intus

152 461 333 534 infantemque
346 463 444 527 vident,
466 466 703 532 apporreetumque
712 458 864 513 draconem.

152 537 215 590 Acta
225 536 288 591 deae
298 536 394 591 resero:
416 553 464 606 pro
475 552 529 606 quo
540 534 605 588 mibi
615 534 699 606 gratia
710 531 770 588 talis

152 609 284 674 redditur,
305 610 416 664 utdicar
425 610 504 664 tutela
516 608 594 680 pulsa
604 609 750 674 Minervao;

151 693 177 738 et
186 701 270 754 ponar
279 691 339 754 post
349 684 433 738 noctis
443 701 529 738 avem.
559 683 709 752 Meapoena
721 680 840 736 volucres

98 772 137 814 555
151 757 323 811 admonuisse
333 765 426 829 potest,
448 776 481 812 ne
492 774 554 813 voce
563 755 680 827 pericula
691 764 829 826 quaerant.

152 830 195 896 bt,
207 839 281 901 puto,
293 849 345 886 non
359 829 437 895 ultro,
452 830 657 902 necquidquam
668 829 719 883 tale
730 837 864 902 rogantem

152 922 195 959 me
204 903 297 975 petiit‘l
315 904 387 959 Licet
396 905 445 960 boo
456 922 487 960 ex
498 905 554 977 ipsa
565 903 669 958 Pallade
679 921 801 975 quaeras.

152 978 282 1045 Quamvis
296 978 360 1033 irata
373 986 426 1033 est:
447 997 500 1033 non
513 978 562 1034 boo
573 979 637 1032 irata
647 978 764 1050 negabit.

150 1054 219 1108 Nam
229 1070 273 1106 me
282 1053 407 1107 Phocaica
417 1050 504 1108 clarus
515 1052 607 1107 tellure
616 1052 752 1108 Coroneus

98 1141 137 1185 570
152 1127 221 1201 (nota
233 1127 335 1200 loquor)
344 1129 446 1201 genuit,
468 1127 623 1200 fueramque
632 1145 681 1201 ego
691 1127 762 1200 regia
771 1126 862 1199 virgo:

151 1203 334 1275 divitibusque
344 1203 430 1274 procis
440 1201 482 1275 (ne
492 1220 535 1257 me
543 1201 701 1274 contemne)
712 1201 826 1272 petebat.

150 1279 246 1335 Forma
257 1277 324 1333 mibi
335 1278 437 1334 nocuit:
459 1296 521 1333 nam
531 1295 616 1350 quum
628 1294 674 1349 per
686 1276 771 1331 littora
780 1274 858 1331 lentis

151 1354 287 1424 passibus,
308 1360 338 1407 ut
349 1352 428 1419 soleo,
448 1371 554 1407 summa
567 1352 693 1424 spatiarer
703 1367 791 1416 arena,

151 1427 227 1491 vidit¹
249 1435 274 1479 et
285 1426 395 1480 incaluit
403 1426 489 1498 pelagi
500 1428 581 1481 deus:
601 1433 685 1496 utque
697 1423 828 1495 precando

15 1523 17 1528 ⁸
98 1509 137 1552 575
153 1505 269 1568 tempora
278 1515 340 1551 cum
353 1498 459 1552 blandis
468 1501 617 1554 consumsit
625 1498 715 1551 inania
726 1497 829 1564 verbis;

152 1571 208 1624 vim
217 1577 301 1640 parat,
312 1576 338 1622 et
346 1568 476 1639 sequitur.
491 1573 586 1644 Fugio,
596 1571 766 1638 densumque
774 1569 896 1640 relinquo

153 1642 237 1706 littus,
258 1649 283 1696 et
296 1643 321 1695 ln
333 1642 406 1696 molli
417 1644 600 1715 nequidquam
611 1642 694 1697 lassor
704 1657 792 1694 arena.

152 1717 216 1771 Indo
225 1716 288 1771 deos
298 1715 473 1788 hominesque
485 1734 564 1772 voco:
585 1733 634 1771 neo
643 1714 753 1786 contigit
762 1712 849 1770 ullum

153 1809 206 1846 vox
217 1807 274 1844 mea
285 1790 432 1846 mortalem.
461 1792 529 1847 lllota
541 1798 580 1846 est
589 1807 638 1862 pro
650 1789 755 1860 virgine
764 1789 848 1863 virgo,

99 1876 138 1919 585
153 1864 339 1935 auxiliumque
349 1865 418 1920 tulit.
448 1865 598 1920 Tendebam
609 1863 716 1919 brachia
725 1862 810 1918 ooelo:

152 1939 259 1993 brachia
269 1948 411 2010 coeperunt
421 1938 525 1995 levibus
535 1941 682 2014 nigrescere
691 1937 797 2008 pennis.

153 2013 268 2066 Reiicere
277 2029 310 2066 ex
321 2013 440 2068 humeris
452 2023 551 2068 vestem
563 2012 688 2079 molibur3
710 2018 736 2065 at
746 2010 791 2065 illa

153 2085 246 2157 pluma
255 2093 323 2152 erat,
344 2087 427 2159 inque
436 2096 523 2142 cutem
535 2088 635 2142 radices
645 2086 738 2140 fixerat
750 2085 827 2139 imas.

153 2160 279 2232 Plangere
289 2161 360 2216 nuda
371 2162 437 2217 meis
446 2162 561 2218 conabar
570 2168 672 2233 pectora
682 2159 794 2231 palmis:

99 2247 138 2289 555
153 2235 200 2289 sed
211 2250 297 2305 nequo
308 2235 360 2290 iarn
370 2236 488 2308 palmas,
508 2254 557 2291 nec
566 2242 669 2308 pectora
681 2233 751 2288 nuda
760 2233 871 2307 gerebar

155 2308 315 2364 Currebam:
337 2329 395 2375 neo,
418 2319 448 2364 ut
458 2318 527 2374 ante,
547 2311 627 2382 pedes
638 2308 764 2363 retinebat
774 2325 852 2362 arena

130 2415 132 2418 >
155 2383 202 2438 sed
212 2400 317 2438 summa
329 2385 437 2440 tollebar
446 2386 543 2440 humo:
564 2402 628 2439 mox
637 2391 692 2437 acta
703 2399 837 2453 perauras

154 2458 260 2524 evehor,
281 2465 306 2512 et
315 2459 374 2514 data
385 2477 446 2514 sum
456 2476 544 2515 eomes
555 2457 687 2529 inculpata
697 2457 830 2512 Minervae

155 2531 225 2597 Quid
239 2539 327 2589 tamen
336 2535 386 2590 hoc
395 2535 510 2607 prodest,
530 2535 553 2588 si
564 2534 621 2588 diro
630 2532 696 2587 lacta
707 2530 816 2587 volucrit

85 2613 132 2652 aaa
144 2606 264 2660 camino
273 2608 435 2682 Nyctimene
443 2617 534 2666 nostro
544 2609 670 2665 suecessit
679 2603 793 2664 honori?
