1874 2940
130 131 158 176 P.
179 130 306 176 ovlnn
323 129 493 176 Nasutus

8 227 86 292 latos,
107 235 133 283 et
142 228 269 292 Tenedos¹
290 229 466 299 Pataraeaque
476 229 547 301 regia
560 229 650 283 servit.

2 303 217 374 iterestgenitor.
248 304 297 356 Per
306 319 359 366 me,
380 301 562 373 quoderitque
572 302 676 374 fuitque

0 392 54 440 ·ue‚
74 383 159 446 patet:
179 393 227 447 per
235 393 278 430 me
286 375 572 431 concordantcarmina
581 377 679 431 nervia.

2 449 146 520 tequidem
156 456 244 504 nostra
253 457 302 514 eat,
338 457 427 504 nostra
436 456 523 504 tamen
535 467 589 505 una
599 451 694 523 sagitta

1 523 53 588 ior,
74 525 103 578 in
112 540 196 578 vacuo
204 539 273 595 quae
282 522 392 578 vulnera
402 532 506 595 pectore
513 523 583 578 fecit.

1 605 94 652 entum
104 596 234 651 medicina
240 614 330 652 meum
340 606 394 666 est3
405 596 542 669 opiferque
550 599 694 668 perornan
785 616 788 627 ·

0 689 38 738 ιη
59 679 85 725 et
96 670 241 724 herbarum
250 672 368 726 subiecta
376 671 492 744 potentia
503 671 590 726 nobis.

11 744 89 809 mihi,
104 743 178 815 quod
188 744 271 799 nullis
280 763 355 801 amor
364 753 403 800 eat
413 745 578 800 medicabilis
588 745 693 800 herbis:

1 825 122 889 ¹prosunt
130 817 248 884 domino,
263 837 333 891 quae
340 827 453 891 prosunt
464 819 600 884 omnibus,
611 820 693 874 artes!

2 910 31 946 ra
41 891 193 946 locuturum
209 893 287 950 celeri
309 894 403 949 Peneia
413 910 494 948 cursu

1 967 36 1033 it;
57 982 173 1037 eumque
183 966 242 1037 ipso
251 968 331 1023 verba
342 966 493 1038 imperfecta
503 966 625 1038 reliquit;

1 1040 317 1112 equoquevisadecens.
341 1040 485 1094 Nudabant
493 1057 602 1110 corpora
611 1039 694 1106 venti,

6 1115 86 1186 iaque
96 1114 219 1171 adversas
228 1113 371 1169 vibrabant
379 1111 488 1173 flamina
497 1121 594 1178 vestes,

2 1190 54 1245 ·vis
67 1188 198 1262 impulsos
211 1195 280 1245 retro
289 1187 369 1244 dabat
378 1204 442 1242 aura
452 1185 575 1258 capillos:

1 1273 30 1320 :ta
40 1264 103 1340 iuga
114 1265 198 1322 forma
207 1272 256 1320 eat.
295 1262 430 1320 Sedenim
441 1280 494 1318 non
505 1260 619 1317 sustinet
628 1259 697 1316 ultra

5 1357 62 1394 0era
71 1341 213 1395 blanditias
224 1340 331 1396 iuvenis
344 1338 425 1395 deus:
445 1345 530 1410 utque
543 1336 667 1392 movebat

3 1431 106 1476 amor,
127 1413 245 1467 admissa
254 1415 378 1486 sequitur
387 1414 499 1486 vestigia
508 1429 602 1484 passu.

20 1487 74 1539 nis
84 1487 113 1537 in
122 1502 207 1538 vacuo
221 1483 336 1555 leporem
347 1502 434 1557 quum
443 1486 562 1541 Gallicus
572 1499 636 1537 aava

4 1558 32 1622 ἰ,
54 1564 79 1611 et
88 1556 132 1611 hie
140 1556 266 1626 praedam
276 1559 390 1628 pedibus
399 1559 477 1627 petit,
498 1555 680 1610 illesalutem:

0 1649 21 1684 τ
32 1631 175 1685 inhaesuro
184 1629 281 1683 similis
293 1671 300 1695 ‚
320 1630 375 1683 iam
384 1630 493 1700 iamque
502 1636 590 1682 tenere

1 1713 53 1770 erat,
75 1712 100 1759 et
108 1712 217 1759 extenso
226 1703 334 1777 stringit
344 1703 455 1776 vestigia
463 1710 560 1758 rostro:

0 1779 59 1833 rin
69 1778 195 1852 ambiguo
204 1786 253 1845 est,
274 1797 308 1833 an
319 1777 551 1848 siteomprensua,
570 1781 595 1829 et
603 1775 669 1846 ipsis

1 1853 228 1924 usibuseripitur3
248 1852 437 1926 tangentiaque
446 1869 491 1907 ora
501 1849 643 1921 relinquit:

2 1927 69 1982 deus
80 1935 105 1982 et
113 1927 190 2000 virgo
198 1934 251 1981 est:
271 1927 316 1982 hie
328 1943 375 1998 spe
384 1926 466 1991 celer,
485 1924 532 1980 illa
542 1924 644 1979 timore.

3 2003 108 2056 'tamen
118 2001 278 2071 insequitur,
298 2000 395 2072 pennis
405 2000 512 2054 adiutus
522 1997 627 2054 Amoris

4 2083 87 2140 rest,
109 2074 283 2146 requiemque
295 2083 388 2147 negat:
409 2071 647 2147 tergoquefugacis

0 2174 10 2199 u
27 2150 95 2217 inet3
115 2157 141 2204 et
150 2149 251 2204 crinem
261 2166 385 2221 sparsum
395 2148 544 2203 cervicibus
554 2144 632 2201 afflat.

1 2224 68 2279 fbus
78 2224 209 2279 absumtis
219 2222 347 2295 expalluit
357 2222 417 2278 illu:
437 2223 557 2293 citaeque

1 2307 27 2352 ta
38 2297 126 2353 labore
136 2297 223 2372 fugae,
247 2304 369 2369 spectans
381 2297 510 2352 Peneidas
520 2295 616 2359 undas,

13 2415 19 2438 ,
30 2382 113 2444 pater,
126 2373 223 2445 inquit,
235 2389 322 2444 opem,
335 2371 581 2427 sissuminanumen
589 2369 665 2448 hauet

12 2446 154 2500 animiam
164 2444 268 2517 placui,
287 2443 380 2508 tellus,
399 2443 449 2507 ait,
465 2440 554 2505 hisce,
569 2438 611 2494 vel
626 2455 649 2490 ta

0 2519 100 2575 afacit
117 2528 148 2576 ut
158 2520 258 2587 laedar,
274 2518 403 2574 mutando
411 2515 491 2589 perde
501 2509 637 2589 figuram)

10 2596 188 2663 reeoffnita,
206 2603 299 2672 torpor
304 2594 399 2674 gravis
408 2597 520 2667 oeeupu
528 2596 613 2646 artus.
