1874 2940
122 122 171 178 372
309 128 337 175 1².
358 127 485 176 0v1n11
503 128 669 175 nasoms

68 242 107 288 ιιι
120 230 280 304 perspice,et
288 246 375 302 usque
384 237 454 294 nota,
465 229 756 304 rieumuteognosnere
764 233 856 319 possis

120 305 211 361 Vertar
221 305 249 360 in
262 303 347 360 hunc:
369 304 570 370 ssdmaiorem,
588 307 857 376 tantusquevrdensr,

121 382 290 453 inquantum
302 381 367 435 verti
376 379 496 435 eoelestia
506 397 613 451 eorpora
623 378 731 436 debent.

120 453 260 526 Extemplo
268 471 329 509 cum
339 454 487 520 recedens,
507 472 567 512 cum
583 470 645 509 voce
654 453 759 528 deoque

122 546 232 586 somnus
244 529 312 585 abit:
324 529 466 601 somnique
474 527 565 602 iugem
575 528 621 584 lux
632 527 701 583 alma
711 539 804 589 secute
813 539 855 589 est

68 616 107 660 tis
121 604 226 659 Postera
236 603 350 659 sidereos
362 621 455 660 aurora
466 603 601 678 fugaverat
610 603 700 677 ignes:

121 679 213 734 inserti
223 677 290 751 quid
298 686 387 752 agant,
406 695 525 750 proceres
536 679 568 732 ad
579 677 675 749 templa
684 680 760 750 patiti

121 753 282 808 eonveniunt
290 769 398 822 operose
408 751 464 805 dei:
485 752 658 822 quaqueipse
667 755 764 809 morari

121 827 182 881 sede
190 825 263 889 velit,
283 822 535 908 signisnoelestibus
547 825 652 892 indinet,
672 837 759 885 orant.

121 901 174 956 vix
186 899 253 953 bene
264 896 404 965 desierant,
424 915 510 971 quum
523 901 610 956 cristis
623 919 720 958 aureus
733 903 795 959 altis

68 988 107 1032 tto
121 977 149 1029 in
160 979 279 1044 serpente
288 972 354 1028 deus
365 977 520 1046 praenuntia
531 975 608 1032 sibila
620 977 706 1032 misit:

121 1048 380 1121 adventuquesuosi
419 1069 529 1124 umque,
549 1068 670 1124 arasque,
691 1050 825 1127 foresque,

121 1142 391 1198 marmoreumqueso
402 1144 459 1193 um,
480 1125 637 1200 fastigiaque
646 1142 724 1180 aurea
734 1131 835 1186 movit:

121 1201 324 1273 pectoribusque
334 1209 412 1256 tenus
421 1200 507 1256 media
518 1199 642 1256 sublimis
655 1200 684 1256 in
696 1201 760 1256 aede

120 1276 246 1342 constitit,
267 1283 346 1349 atque
354 1275 445 1333 oculos
454 1276 616 1332 nimumtulit
626 1276 688 1350 igne
697 1275 836 1334 micantes.

68 1364 107 1408 ets
121 1352 220 1406 Territa
232 1351 308 1407 turba
317 1358 409 1422 pavet:
429 1353 553 1425 cognovit
565 1353 675 1407 numina
686 1360 771 1406 castos

122 1428 242 1482 evinctus
252 1427 316 1481 vitta
326 1426 413 1482 crines
423 1426 526 1481 albente
535 1426 664 1490 sacerdus,

122 1509 156 1567 et,
177 1502 246 1556 Deus
258 1508 306 1568 est,
328 1500 460 1570 deusest;
481 1502 579 1557 animis
589 1501 743 1574 linguisque
753 1500 848 1570 faveto,

121 1575 246 1649 quisquis
256 1575 342 1642 adest,
363 1575 441 1631 dixit.
471 1575 527 1642 Sis,
548 1595 564 1632 ο
575 1575 764 1648 pulcherrime,
785 1579 862 1634 tisun

121 1650 234 1707 utiliter:
255 1647 506 1724 populosqueiuves
515 1648 774 1706 tuasacraeolentes.

68 1738 106 1781 tto
121 1726 250 1802 Quisquis
260 1726 342 1792 adest,
353 1726 443 1781 visum
453 1735 613 1783 venerantur
623 1742 732 1791 numen,
740 1733 863 1783 etomnes

123 1802 202 1857 verbe
211 1801 353 1858 sacerdotis
365 1800 482 1857 referunt
490 1803 633 1878 geminata,
653 1800 784 1872 piumque

121 1874 257 1930 Aeneadae
265 1884 399 1948 praestant
408 1886 433 1933 et
443 1885 530 1932 mente
539 1885 564 1932 et
574 1894 637 1932 voce
646 1875 771 1931 favorem.

121 1947 223 2002 Annuit
231 1948 289 2013 bis,
310 1951 579 2023 motisquedeusrata
588 1949 794 2022 pigneratristis

124 2030 149 2078 et
158 2020 265 2092 repetita
275 2019 347 2075 dedit
354 2024 456 2077 vibrate
466 2025 544 2078 sibila
554 2024 656 2095 lingua.

68 2111 107 2154 685
121 2099 191 2154 Tum
200 2092 327 2171 gradibus
338 2093 429 2149 nitidis
441 2094 581 2161 delabitur,
600 2104 776 2168 oraqueretro
837 2136 840 2141 -

121 2172 209 2239 flectit,
229 2177 255 2226 et
264 2169 388 2243 antiquas
397 2169 520 2224 abiturus
530 2170 636 2244 respicit
645 2190 717 2227 aras:

122 2255 293 2321 assuetusque
302 2246 404 2312 domos,
425 2243 594 2321 habitataque
603 2247 700 2321 templa
709 2248 814 2305 salutat.

122 2323 186 2379 Inde
194 2342 242 2397 par
251 2322 354 2379 iniectis
364 2321 513 2392 adopertam
522 2321 632 2380 floribus
643 2326 670 2379 in
690 2341 737 2378 ens

123 2400 204 2471 serpit
217 2399 347 2465 humum,
367 2396 498 2470 flectitque
516 2399 607 2466 sinus,
628 2342 797 2528 queeffiamque
815 2416 862 2469 per

598 2493 630 2530 ur
665 2491 692 2528 m

69 2555 108 2599 stt
122 2544 246 2601 tanditad
255 2548 366 2604 incurvo
375 2547 493 2604 munitos
503 2566 597 2624 aggere
608 2556 710 2622 portus.

111 2620 279 2691 Resn'titlrie,
302 2641 455 2704 agmenque
463 2642 558 2694 suum,
573 2625 722 2696 tubaeque
730 2624 868 2691 sequentis
