1874 2940
185 158 564 207 METAMORPHOSEON
581 162 650 208 LIB.
671 163 701 208 H.
774 155 808 212 27

63 257 133 311 Haec
142 272 223 329 super
232 257 356 329 imposita
364 266 404 314 est
412 258 477 314 coeii
488 258 615 332 fulgentis
627 261 730 334 imago:

63 332 194 404 signaque
203 349 251 387 aex
261 330 363 387 foribus
372 332 486 400 dextris,
507 334 669 406 totidemque
679 336 805 391 sinistris.

63 405 123 472 Quo
131 405 213 461 simul
224 405 323 462 aeelivo
332 405 486 481 Clymeneia
498 407 582 462 limita
592 409 680 479 proles

63 480 146 546 venit,
166 487 193 534 et
202 481 311 537 intravit
321 481 434 536 dubitati
444 491 509 537 tecta
519 483 650 554 [tarentin
836 496 862 538 20

62 554 185 624 protinus
195 553 228 609 ad
236 555 336 626 patrios
348 574 398 610 sua
407 555 457 610 fert
466 557 577 630 vestigia
589 556 696 613 vultus:

63 627 238 700 consistitque
247 627 355 701 procul:
376 632 543 702 nequeenim
556 632 679 703 propiora
689 629 788 686 ferebat

64 701 176 757 lumina.
206 702 342 775 Purpurea
351 703 453 761 velatus
465 713 537 760 veste
547 705 655 759 sedebat

62 775 91 830 in
103 775 169 832 solio
180 776 312 842 Phoebus,
332 777 411 833 elaris
424 777 526 834 lucente
534 777 695 852 zmaragdis.

62 848 185 905 Adextra
195 850 323 924 laevaque
332 852 407 919 Dies,
428 860 454 907 et
463 853 576 919 Mensis,
597 852 740 918 attinens,
835 865 860 907 25

63 923 239 996 Saeculaque,
260 933 285 980 et
293 927 394 996 poeitae
403 928 497 998 spatiis
507 927 666 999 aequalibus
676 928 773 982 Horae:

63 999 168 1069 Verque
177 1015 279 1054 novum
289 1000 384 1066 stabat,
404 1001 522 1055 cinctum
531 1000 640 1056 florente
649 1018 759 1056 eorona:

62 1072 148 1124 stabat
157 1072 229 1127 nuda
238 1071 340 1139 Aeetas,
361 1082 387 1129 et
396 1075 484 1145 spicea
493 1083 561 1129 serta
570 1074 686 1147 gerebat.

61 1144 151 1198 Stabat
159 1153 185 1199 et
195 1145 361 1212 Autumnus,
381 1148 488 1201 caleatis
497 1148 620 1201 sordidus
629 1148 702 1214 uvis,

61 1225 87 1271 et
94 1216 214 1289 glacialis
226 1220 327 1282 Hiems,
346 1235 427 1272 canes
437 1220 540 1272 hirsuta
549 1219 669 1288 capillos.
835 1231 861 1273 30

62 1291 127 1344 inde
139 1290 196 1344 loeo
209 1290 329 1353 medius,
350 1306 440 1343 rerum
449 1292 563 1360 novitate
572 1298 712 1360 paventem

61 1363 350 1423 Soloeulisiuvenem‚
368 1363 468 1433 quibus
478 1363 590 1434 adspicit
600 1364 701 1429 omnia,
720 1361 802 1419 vidit:

61 1437 189 1508 Quaeque
197 1436 257 1492 viae
266 1436 314 1491 tibi
324 1435 510 1509 causeaiquid
520 1437 577 1503 hac,
586 1439 630 1505 ait,
639 1455 697 1494 arce
706 1440 804 1511 petisti,

59 1511 214 1585 progenies,
237 1511 385 1577 Phaethon,
407 1510 479 1566 haud
488 1513 629 1568 inficianda
639 1513 760 1585 parenti?

60 1586 108 1641 Ille
120 1585 211 1641 refert:
233 1584 315 1642 Olux
324 1586 449 1642 immensi
461 1587 570 1659 publiea
582 1588 688 1654 mundi,
834 1601 858 1642 35

60 1661 164 1716 Phoebe
172 1668 255 1734 pater,
276 1662 300 1716 ei
310 1661 358 1717 das
368 1678 449 1717 usum
460 1663 528 1717 mihi
539 1663 657 1719 nominis
667 1663 759 1728 huius,

60 1753 109 1790 nee
118 1734 183 1790 falsa
192 1735 320 1810 Clymene
329 1736 437 1809 culpam
450 1738 502 1791 sub
511 1737 629 1810 imagine
637 1736 718 1806 celat;

59 1810 171 1882 pignora
180 1810 223 1875 da,
243 1811 356 1884 genitor,
376 1828 425 1883 per
433 1827 502 1884 quae
511 1818 557 1866 tua
565 1828 627 1866 vera
637 1827 755 1884 propago

59 1883 163 1952 credam
184 1891 209 1938 et
220 1884 294 1939 hune
303 1885 401 1941 animia
411 1902 525 1941 errorem
534 1884 643 1941 detrahe
652 1886 760 1940 nostris.

61 1958 180 2013 Dixerat:
200 1965 226 2012 et
234 1958 337 2032 genitor
346 1961 447 2015 circum
460 1961 765 2031 caputomnemieantee
832 1966 857 2011 aa

59 2031 182 2103 deposuit
191 2032 288 2098 radios,
308 2035 474 2106 propiusque
483 2033 707 2089 aceedereiussit:

59 2105 239 2179 amplexuque
247 2107 317 2173 data,
338 2110 517 2164 Nectumaus
527 2125 585 2163 esse
594 2107 685 2180 negari

59 2179 159 2252 dignus
169 2198 212 2249 es;
233 2181 397 2311 etCleane
405 2199 496 2247 veros,
516 2182 567 2247 ait,
588 2181 670 2236 edidit
679 2187 763 2235 ortus.

59 2252 172 2326 Quoque
190 2255 282 2310 minue
313 2257 414 2325 ubitam,
437 2256 552 2328 quodvis
569 2262 628 2382 pelte
641 2271 758 2382 gaunus3
779 2261 805 2306 et

591 2347 600 2382 1
621 2346 639 2383 u
662 2370 668 2394 ‚

60 2417 103 2454 ma
112 2400 258 2468 tribuente,
278 2401 356 2459 terea.
385 2403 513 2459 Promissi
524 2403 598 2457 testis
610 2401 700 2457 adesto
832 2406 857 2450 45

59 2473 101 2528 dis
110 2474 223 2530 iuranda
233 2476 324 2547 palus,
344 2477 429 2532 oculis
439 2478 574 2549 inaognita
584 2477 692 2530 nostris.

58 2547 112 2603 Vix
120 2549 188 2603 bene
197 2549 323 2605 desierat:
344 2569 440 2606 currus
451 2553 515 2622 petit
524 2550 569 2604 ille
580 2557 715 2620 paternos„

56 2622 141 2694 inque
149 2623 221 2680 diem
232 2622 372 2701 alipedum
383 2627 430 2685 'ma
438 2625 813 2691 etmeaeaameaeaaam
