1874 2940
178 151 557 199 HRTAHORPHOSBON
575 152 645 199 Lib.
671 154 691 198 Ι.
791 149 807 199 3

62 268 142 324 quae,
160 250 266 306 diversa
275 249 350 317 lueis,
369 251 662 323 pertimuerunt
675 253 744 324 ipsa.
835 263 861 309 tu

62 329 92 382 in
102 326 459 398 mareperveniuutpartim
477 336 737 399 eampequarmepta

63 399 195 456 liberioris
203 417 298 472 aquae,
318 415 368 472 pre
377 400 444 473 ripis
455 398 541 456 littera
551 398 670 471 pulsant.

63 473 294 530 lussitetaxteudi
303 491 423 546 eampse,
443 473 581 530 subsidere
590 472 683 540 vallea,

63 548 217 623 [madetegi
228 547 321 613 siluas,
343 547 476 620 lapidosus
486 565 596 622 surgere
604 558 718 605 montes„

63 623 151 695 thue
159 623 229 679 duae
238 623 329 680 dextra
338 622 453 690 eaelum
473 622 636 695 totidemque
645 623 753 678 sinistra
836 634 861 680 ta

63 699 338 768 parteseeautZenae,
358 697 453 771 quinta
461 695 720 765 estardentieritlis;

63 772 103 825 sie
111 789 181 827 onus
190 771 327 828 inclusum
335 789 448 830 numam
456 770 581 828 distinxit
592 770 684 828 eedem

65 861 129 900 cura
138 845 195 900 dei:
216 847 379 919 totidemque
387 845 481 921 plagae
492 843 587 902 tellure
594 852 762 917 premuntur.

63 917 183 984 Quarum
192 937 262 991 quae
270 921 416 986 mediaest,
437 918 804 977 neuesthabitabilisaestu:

64 994 112 1048 uix
124 994 187 1067 tegit
196 993 249 1049 alta
259 995 341 1050 duas:
353 994 461 1051 totidem
471 995 540 1051 inter
549 1002 691 1065 utramque
700 993 805 1057 locavit.
837 1008 862 1049 eu

64 1068 271 1140 temperiemque
280 1069 362 1135 dedit,
382 1069 533 1125 misticum
543 1067 641 1142 frigore
650 1066 767 1125 tlamnra.

64 1142 189 1197 Imminet
198 1142 241 1197 bis
250 1146 308 1211 a'e'r;
328 1143 387 1214 qui,
408 1150 509 1213 quauta
517 1141 682 1213 eatpoudera
693 1151 774 1198 terrae

63 1216 169 1285 pondus
179 1233 264 1287 aquae
272 1216 367 1280 levius,
389 1223 460 1270 tante
468 1214 652 1270 estuuemsior
665 1215 736 1287 igue.

63 1288 120 1344 lllic
129 1298 155 1344 et
167 1287 289 1353 nebulas,
310 1287 365 1341 illie
375 1286 518 1342 consistere
528 1285 614 1340 nubes

63 1363 152 1427 iussit,
173 1361 340 1416 ethumamrs
350 1367 453 1416 motura
462 1360 577 1416 tonitrua
586 1367 697 1427 mentes,
837 1379 862 1422 us

64 1443 162 1490 etcum
172 1432 333 1489 fulminibus
343 1433 467 1491 facientes
477 1433 574 1510 frigora
585 1442 687 1493 ventes.

63 1509 111 1564 His
122 1525 231 1582 queque
240 1526 294 1565 uon
304 1509 406 1582 passim
416 1509 510 1567 mundi
521 1509 661 1568 fabricator
670 1511 824 1570 habendum

63 1586 122 1639 aera
132 1582 264 1655 permisit.
293 1582 649 1652 Vixnuneobsistiturillis‚

62 1675 149 1730 quum
159 1676 208 1714 sua
218 1657 335 1731 quisque
342 1668 435 1733 regant
447 1660 552 1718 diverse
562 1659 669 1716 ssamina
679 1668 774 1727 tractu,

63 1734 131 1804 quia
143 1732 243 1789 lanient
252 1733 400 1802 muudum
420 1741 492 1790 tauta
502 1733 681 1791 estdiseordia
692 1733 814 1791 fratrum.
837 1750 862 1793 ut

62 1808 152 1862 Eurus
163 1807 196 1862 ad
205 1808 336 1863 Auroram
343 1808 530 1882 Nabataeaque
540 1825 621 1882 regua
631 1810 739 1864 reoaasit

62 1881 224 1953 Persidaque
233 1889 258 1937 et
268 1881 349 1937 radiis
359 1883 421 1956 iuga
432 1883 539 1938 subdita
549 1881 701 1951 matutinis;

62 1957 162 2027 Vesper
170 1963 196 2012 et
204 1955 314 2012 occiduo
325 1974 394 2028 quae
404 1956 490 2013 littora
499 1955 554 2013 sele
564 1963 710 2029 tepescunt,

61 2031 185 2101 proxima
195 2038 258 2086 sunt
265 2031 399 2106 Zephyre:
420 2030 556 2106 Scythiam
572 2030 731 2104 septemque
745 2034 809 2088 trio-

596 2121 644 2161 nes

61 2178 174 2234 horrifer
183 2179 282 2234 invasit
290 2181 398 2236 Boreas:
419 2179 548 2237 contraria
558 2178 637 2237 tellus
838 2193 863 2235 us

62 2253 182 2308 nubibus
192 2253 308 2310 assiduis
318 2253 464 2326 pluvioque
473 2254 600 2311 madescit
609 2254 644 2310 ab
654 2255 761 2311 Austro.

62 2325 131 2381 Haec
144 2344 224 2400 super
239 2328 367 2400 imposuit
381 2327 515 2401 liquidum
529 2336 554 2384 et
567 2329 695 2403 gravitate
716 2346 808 2384 carau-

595 2411 647 2457 tem

62 2474 176 2539 aethera,
198 2477 403 2550 necquidquam
415 2485 531 2533 terrenae
541 2475 619 2531 faecis
629 2475 781 2532 habentem.

61 2549 115 2604 Vix
126 2549 162 2603 ita
172 2549 303 2605 limitibus
313 2552 473 2606 discreverat
481 2550 574 2606 omuia
581 2549 679 2613 sertia„

61 2639 155 2692 quum,
177 2641 348 2698 quaepressa
362 2626 413 2685 diu
422 2621 795 2755 massatatuereeubgqear
872 2615 910 2651 Ἃ
