<?xml version="1.0" encoding="UTF-8"?>
<!DOCTYPE html PUBLIC "-//W3C//DTD XHTML 1.0 Transitional//EN"
    "http://www.w3.org/TR/xhtml1/DTD/xhtml1-transitional.dtd">
<html xmlns="http://www.w3.org/1999/xhtml" xml:lang="en" lang="en">
 <head>
  <title>
</title>
<meta http-equiv="Content-Type" content="text/html;charset=utf-8" />
  <meta name='ocr-system' content='tesseract 3.04.00' />
  <meta name='ocr-capabilities' content='ocr_page ocr_carea ocr_par ocr_line ocrx_word'/>
</head>
<body>
  <div class='ocr_page' id='page_1' title='image "./povidiinasoniso01ovidgoog_0042.png"; bbox 0 0 1874 2940; ppageno 0'>
   <div class='ocr_carea' id='block_1_1' title="bbox 179 133 804 185">
    <p class='ocr_par' dir='ltr' id='par_1_1' title="bbox 179 133 804 185">
     <span class='ocr_line' id='line_1_1' title="bbox 179 133 804 185; baseline 0.003 -4"><span class='ocrx_word' id='word_1_1' title='bbox 179 134 560 182; x_wconf 82' lang='lat' dir='ltr'>METAMORPHOSEON</span> <span class='ocrx_word' id='word_1_2' title='bbox 577 136 649 180; x_wconf 89' lang='lat' dir='ltr'>LIB.</span> <span class='ocrx_word' id='word_1_3' title='bbox 670 138 702 182; x_wconf 88' lang='grc' dir='ltr'><strong>Π.</strong></span> <span class='ocrx_word' id='word_1_4' title='bbox 771 133 804 185; x_wconf 76' lang='lat'><strong>29</strong></span> 
     </span>
    </p>
   </div>
   <div class='ocr_carea' id='block_1_2' title="bbox 59 234 862 2683">
    <p class='ocr_par' dir='ltr' id='par_1_2' title="bbox 59 234 685 308">
     <span class='ocr_line' id='line_1_2' title="bbox 59 234 685 308; baseline 0.003 -19"><span class='ocrx_word' id='word_1_5' title='bbox 59 252 192 307; x_wconf 84' lang='lat' dir='ltr'><strong>saevaque</strong></span> <span class='ocrx_word' id='word_1_6' title='bbox 201 234 313 289; x_wconf 89' lang='lat' dir='ltr'><strong>circuitu</strong></span> <span class='ocrx_word' id='word_1_7' title='bbox 322 243 478 290; x_wconf 78' lang='lat' dir='ltr'>curvantem</span> <span class='ocrx_word' id='word_1_8' title='bbox 488 235 595 289; x_wconf 89' lang='lat' dir='ltr'><strong>brachia</strong></span> <span class='ocrx_word' id='word_1_9' title='bbox 606 235 685 308; x_wconf 81' lang='lat' dir='ltr'><strong>longo</strong></span> 
     </span>
    </p>

    <p class='ocr_par' dir='ltr' id='par_1_3' title="bbox 59 308 803 381">
     <span class='ocr_line' id='line_1_3' title="bbox 59 308 803 381; baseline 0.001 -16"><span class='ocrx_word' id='word_1_10' title='bbox 59 309 195 380; x_wconf 76' lang='lat' dir='ltr'>Scorpion,</span> <span class='ocrx_word' id='word_1_11' title='bbox 207 317 287 381; x_wconf 88' lang='lat' dir='ltr'><strong>atque</strong></span> <span class='ocrx_word' id='word_1_12' title='bbox 296 308 370 363; x_wconf 83' lang='lat' dir='ltr'><strong>aliter</strong></span> <span class='ocrx_word' id='word_1_13' title='bbox 378 317 532 365; x_wconf 73' lang='lat' dir='ltr'><strong>curvantem</strong></span> <span class='ocrx_word' id='word_1_14' title='bbox 543 310 650 364; x_wconf 88' lang='lat' dir='ltr'><strong>brachia</strong></span> <span class='ocrx_word' id='word_1_15' title='bbox 661 310 803 368; x_wconf 87' lang='lat' dir='ltr'><strong>Cancrum.</strong></span> 
     </span>
    </p>

    <p class='ocr_par' dir='ltr' id='par_1_4' title="bbox 59 383 709 456">
     <span class='ocr_line' id='line_1_4' title="bbox 59 383 709 456; baseline 0 -17"><span class='ocrx_word' id='word_1_16' title='bbox 59 386 114 439; x_wconf 83' lang='lat' dir='ltr'><strong>Nec</strong></span> <span class='ocrx_word' id='word_1_17' title='bbox 123 385 170 438; x_wconf 88' lang='lat' dir='ltr'><strong>tibi</strong></span> <span class='ocrx_word' id='word_1_18' title='bbox 183 383 368 455; x_wconf 84' lang='lat' dir='ltr'>quadrupedes</span> <span class='ocrx_word' id='word_1_19' title='bbox 381 385 515 440; x_wconf 89' lang='lat' dir='ltr'><strong>animosos</strong></span> <span class='ocrx_word' id='word_1_20' title='bbox 525 384 635 456; x_wconf 84' lang='lat' dir='ltr'><strong>ignibus</strong></span> <span class='ocrx_word' id='word_1_21' title='bbox 645 383 709 450; x_wconf 87' lang='lat' dir='ltr'><strong>illis,</strong></span> 
     </span>
    </p>

    <p class='ocr_par' dir='ltr' id='par_1_5' title="bbox 59 458 860 531">
     <span class='ocr_line' id='line_1_5' title="bbox 59 458 860 531; baseline 0 -17"><span class='ocrx_word' id='word_1_22' title='bbox 59 476 129 531; x_wconf 87' lang='lat' dir='ltr'><strong>quos</strong></span> <span class='ocrx_word' id='word_1_23' title='bbox 142 458 171 512; x_wconf 90' lang='lat' dir='ltr'><strong>in</strong></span> <span class='ocrx_word' id='word_1_24' title='bbox 180 458 399 530; x_wconf 82' lang='lat' dir='ltr'><strong>pecterehabent,</strong></span> <span class='ocrx_word' id='word_1_25' title='bbox 419 476 487 531; x_wconf 82' lang='lat' dir='ltr'><strong>quos</strong></span> <span class='ocrx_word' id='word_1_26' title='bbox 497 476 542 514; x_wconf 90' lang='lat' dir='ltr'><strong>ore</strong></span> <span class='ocrx_word' id='word_1_27' title='bbox 552 466 577 511; x_wconf 88' lang='lat' dir='ltr'><strong>et</strong></span> <span class='ocrx_word' id='word_1_28' title='bbox 587 458 697 513; x_wconf 89' lang='lat' dir='ltr'><strong>naribus</strong></span> <span class='ocrx_word' id='word_1_29' title='bbox 706 458 804 525; x_wconf 83' lang='lat' dir='ltr'><strong>efflant,</strong></span> <span class='ocrx_word' id='word_1_30' title='bbox 835 473 860 514; x_wconf 78' lang='lat'><strong>85</strong></span> 
     </span>
    </p>

    <p class='ocr_par' dir='ltr' id='par_1_6' title="bbox 61 533 805 606">
     <span class='ocr_line' id='line_1_6' title="bbox 61 533 805 606; baseline 0.001 -19"><span class='ocrx_word' id='word_1_31' title='bbox 61 534 90 587; x_wconf 90' lang='lat' dir='ltr'><strong>in</strong></span> <span class='ocrx_word' id='word_1_32' title='bbox 100 540 205 603; x_wconf 90' lang='lat' dir='ltr'><strong>promtu</strong></span> <span class='ocrx_word' id='word_1_33' title='bbox 216 550 306 606; x_wconf 80' lang='lat' dir='ltr'><strong>regere</strong></span> <span class='ocrx_word' id='word_1_34' title='bbox 314 539 363 587; x_wconf 83' lang='lat' dir='ltr'><strong>est.</strong></span> <span class='ocrx_word' id='word_1_35' title='bbox 394 535 446 588; x_wconf 89' lang='lat' dir='ltr'><strong>Vix</strong></span> <span class='ocrx_word' id='word_1_36' title='bbox 457 551 501 587; x_wconf 90' lang='lat' dir='ltr'><strong>me</strong></span> <span class='ocrx_word' id='word_1_37' title='bbox 510 533 658 605; x_wconf 87' lang='lat' dir='ltr'><strong>patiuntur,</strong></span> <span class='ocrx_word' id='word_1_38' title='bbox 675 533 722 587; x_wconf 92' lang='lat' dir='ltr'><strong>ubi</strong></span> <span class='ocrx_word' id='word_1_39' title='bbox 733 551 805 588; x_wconf 86' lang='lat' dir='ltr'><strong>acres</strong></span> 
     </span>
    </p>

    <p class='ocr_par' dir='ltr' id='par_1_7' title="bbox 60 605 738 679">
     <span class='ocr_line' id='line_1_7' title="bbox 60 605 738 679; baseline 0.003 -19"><span class='ocrx_word' id='word_1_40' title='bbox 60 605 300 675; x_wconf 85' lang='lat' dir='ltr'><strong>incaluereauimi;</strong></span> <span class='ocrx_word' id='word_1_41' title='bbox 321 608 466 679; x_wconf 83' lang='lat' dir='ltr'><strong>cervixque</strong></span> <span class='ocrx_word' id='word_1_42' title='bbox 476 615 607 679; x_wconf 78' lang='lat' dir='ltr'><strong>repugnat</strong></span> <span class='ocrx_word' id='word_1_43' title='bbox 616 606 738 662; x_wconf 81' lang='lat' dir='ltr'><strong>habenis.</strong></span> 
     </span>
    </p>

    <p class='ocr_par' dir='ltr' id='par_1_8' title="bbox 60 681 668 746">
     <span class='ocr_line' id='line_1_8' title="bbox 60 681 668 746; baseline -0.003 -10"><span class='ocrx_word' id='word_1_44' title='bbox 60 681 95 736; x_wconf 78' lang='lat' dir='ltr'><strong>At</strong></span> <span class='ocrx_word' id='word_1_45' title='bbox 105 689 144 746; x_wconf 90' lang='lat' dir='ltr'><strong>tu,</strong></span> <span class='ocrx_word' id='word_1_46' title='bbox 164 681 263 737; x_wconf 63' lang='lat' dir='ltr'><strong>innecti</strong></span> <span class='ocrx_word' id='word_1_47' title='bbox 276 699 310 736; x_wconf 87' lang='lat' dir='ltr'><strong>ne</strong></span> <span class='ocrx_word' id='word_1_48' title='bbox 319 682 372 735; x_wconf 87' lang='lat' dir='ltr'><strong>sim</strong></span> <span class='ocrx_word' id='word_1_49' title='bbox 380 682 428 736; x_wconf 89' lang='lat' dir='ltr'><strong>tibi</strong></span> <span class='ocrx_word' id='word_1_50' title='bbox 438 683 558 736; x_wconf 90' lang='lat' dir='ltr'><strong>muueris</strong></span> <span class='ocrx_word' id='word_1_51' title='bbox 568 688 668 746; x_wconf 79' lang='lat' dir='ltr'>auctor,</span> 
     </span>
    </p>

    <p class='ocr_par' dir='ltr' id='par_1_9' title="bbox 61 754 775 828">
     <span class='ocr_line' id='line_1_9' title="bbox 61 754 775 828; baseline 0.001 -18"><span class='ocrx_word' id='word_1_52' title='bbox 61 762 136 821; x_wconf 87' lang='lat' dir='ltr'><strong>nate,</strong></span> <span class='ocrx_word' id='word_1_53' title='bbox 157 772 235 810; x_wconf 87' lang='lat' dir='ltr'><strong>cave:</strong></span> <span class='ocrx_word' id='word_1_54' title='bbox 256 755 322 810; x_wconf 91' lang='lat' dir='ltr'><strong>dum</strong></span> <span class='ocrx_word' id='word_1_55' title='bbox 336 773 433 828; x_wconf 87' lang='lat' dir='ltr'><strong>resque</strong></span> <span class='ocrx_word' id='word_1_56' title='bbox 443 756 517 821; x_wconf 82' lang='lat' dir='ltr'><strong>sinit,</strong></span> <span class='ocrx_word' id='word_1_57' title='bbox 538 762 582 809; x_wconf 87' lang='lat' dir='ltr'><strong>tua</strong></span> <span class='ocrx_word' id='word_1_58' title='bbox 593 754 696 827; x_wconf 77' lang='lat' dir='ltr'><strong>corrige</strong></span> <span class='ocrx_word' id='word_1_59' title='bbox 705 763 775 811; x_wconf 85' lang='lat' dir='ltr'><strong>vota.</strong></span> 
     </span>
    </p>

    <p class='ocr_par' dir='ltr' id='par_1_10' title="bbox 61 829 860 904">
     <span class='ocr_line' id='line_1_10' title="bbox 61 829 860 904; baseline 0.003 -21"><span class='ocrx_word' id='word_1_60' title='bbox 61 829 175 896; x_wconf 83' lang='lat' dir='ltr'><strong>Scilicet,</strong></span> <span class='ocrx_word' id='word_1_61' title='bbox 195 837 226 885; x_wconf 89' lang='lat' dir='ltr'><strong>ut</strong></span> <span class='ocrx_word' id='word_1_62' title='bbox 235 838 325 886; x_wconf 82' lang='lat' dir='ltr'><strong>nostro</strong></span> <span class='ocrx_word' id='word_1_63' title='bbox 334 829 631 904; x_wconf 82' lang='lat' dir='ltr'><strong>genitumtesanguina</strong></span> <span class='ocrx_word' id='word_1_64' title='bbox 643 829 744 895; x_wconf 88' lang='lat' dir='ltr'><strong>credas,</strong></span> <span class='ocrx_word' id='word_1_65' title='bbox 835 843 860 885; x_wconf 84' lang='lat' dir='ltr'><strong>tt</strong></span> 
     </span>
    </p>

    <p class='ocr_par' dir='ltr' id='par_1_11' title="bbox 60 904 746 978">
     <span class='ocr_line' id='line_1_11' title="bbox 60 904 746 978; baseline 0.004 -20"><span class='ocrx_word' id='word_1_66' title='bbox 60 905 173 978; x_wconf 81' lang='lat' dir='ltr'><strong>pignora</strong></span> <span class='ocrx_word' id='word_1_67' title='bbox 183 912 252 959; x_wconf 90' lang='lat' dir='ltr'><strong>certa</strong></span> <span class='ocrx_word' id='word_1_68' title='bbox 262 906 345 975; x_wconf 84' lang='lat' dir='ltr'><strong>petis:</strong></span> <span class='ocrx_word' id='word_1_69' title='bbox 366 904 400 960; x_wconf 92' lang='lat' dir='ltr'><strong>do</strong></span> <span class='ocrx_word' id='word_1_70' title='bbox 411 905 525 977; x_wconf 79' lang='lat' dir='ltr'><strong>pignora</strong></span> <span class='ocrx_word' id='word_1_71' title='bbox 536 911 605 958; x_wconf 88' lang='lat' dir='ltr'><strong>certa</strong></span> <span class='ocrx_word' id='word_1_72' title='bbox 617 904 746 961; x_wconf 88' lang='lat' dir='ltr'><strong>timendo:</strong></span> 
     </span>
    </p>

    <p class='ocr_par' dir='ltr' id='par_1_12' title="bbox 61 977 775 1050">
     <span class='ocr_line' id='line_1_12' title="bbox 61 977 775 1050; baseline 0.001 -17"><span class='ocrx_word' id='word_1_73' title='bbox 61 986 87 1033; x_wconf 89' lang='lat' dir='ltr'><strong>et</strong></span> <span class='ocrx_word' id='word_1_74' title='bbox 96 978 181 1050; x_wconf 87' lang='lat' dir='ltr'><strong>patrio</strong></span> <span class='ocrx_word' id='word_1_75' title='bbox 190 986 264 1050; x_wconf 87' lang='lat' dir='ltr'><strong>pater</strong></span> <span class='ocrx_word' id='word_1_76' title='bbox 273 995 330 1034; x_wconf 89' lang='lat' dir='ltr'><strong>esse</strong></span> <span class='ocrx_word' id='word_1_77' title='bbox 340 986 413 1034; x_wconf 85' lang='lat' dir='ltr'><strong>metu</strong></span> <span class='ocrx_word' id='word_1_78' title='bbox 422 978 529 1050; x_wconf 84' lang='lat' dir='ltr'><strong>probor.</strong></span> <span class='ocrx_word' id='word_1_79' title='bbox 559 977 674 1049; x_wconf 80' lang='lat' dir='ltr'><strong>Adspice</strong></span> <span class='ocrx_word' id='word_1_80' title='bbox 683 978 775 1034; x_wconf 80' lang='lat' dir='ltr'><strong>vultus</strong></span> 
     </span>
    </p>

    <p class='ocr_par' dir='ltr' id='par_1_13' title="bbox 62 1052 749 1124">
     <span class='ocr_line' id='line_1_13' title="bbox 62 1052 749 1124; baseline 0.003 -18"><span class='ocrx_word' id='word_1_81' title='bbox 62 1069 122 1106; x_wconf 85' lang='lat' dir='ltr'><strong>ecce</strong></span> <span class='ocrx_word' id='word_1_82' title='bbox 131 1069 219 1107; x_wconf 73' lang='lat' dir='ltr'><strong>means:</strong></span> <span class='ocrx_word' id='word_1_83' title='bbox 239 1052 396 1124; x_wconf 86' lang='lat' dir='ltr'><strong>utinamque</strong></span> <span class='ocrx_word' id='word_1_84' title='bbox 405 1052 496 1108; x_wconf 86' lang='lat' dir='ltr'><strong>oculos</strong></span> <span class='ocrx_word' id='word_1_85' title='bbox 505 1053 533 1106; x_wconf 90' lang='lat' dir='ltr'><strong>in</strong></span> <span class='ocrx_word' id='word_1_86' title='bbox 544 1060 647 1123; x_wconf 78' lang='lat' dir='ltr'>pectora</span> <span class='ocrx_word' id='word_1_87' title='bbox 657 1070 749 1123; x_wconf 86' lang='lat' dir='ltr'><strong>posses</strong></span> 
     </span>
    </p>

    <p class='ocr_par' dir='ltr' id='par_1_14' title="bbox 61 1126 696 1197">
     <span class='ocr_line' id='line_1_14' title="bbox 61 1126 696 1197; baseline 0 -17"><span class='ocrx_word' id='word_1_88' title='bbox 61 1127 190 1192; x_wconf 86' lang='lat' dir='ltr'><strong>inserere,</strong></span> <span class='ocrx_word' id='word_1_89' title='bbox 211 1133 237 1180; x_wconf 89' lang='lat' dir='ltr'><strong>et</strong></span> <span class='ocrx_word' id='word_1_90' title='bbox 245 1127 343 1196; x_wconf 88' lang='lat' dir='ltr'><strong>patrias</strong></span> <span class='ocrx_word' id='word_1_91' title='bbox 353 1128 426 1181; x_wconf 83' lang='lat' dir='ltr'><strong>intua</strong></span> <span class='ocrx_word' id='word_1_92' title='bbox 435 1126 595 1197; x_wconf 85' lang='lat' dir='ltr'><strong>deprendere</strong></span> <span class='ocrx_word' id='word_1_93' title='bbox 604 1128 696 1181; x_wconf 80' lang='lat' dir='ltr'><strong>curas!</strong></span> 
     </span>
    </p>

    <p class='ocr_par' dir='ltr' id='par_1_15' title="bbox 63 1198 861 1331">
     <span class='ocr_line' id='line_1_15' title="bbox 63 1198 808 1329; baseline 0.005 -75"><span class='ocrx_word' id='word_1_94' title='bbox 63 1199 184 1271; x_wconf 87' lang='lat' dir='ltr'><strong>Denique</strong></span> <span class='ocrx_word' id='word_1_95' title='bbox 193 1198 328 1271; x_wconf 91' lang='lat' dir='ltr'><strong>quidquid</strong></span> <span class='ocrx_word' id='word_1_96' title='bbox 337 1201 417 1254; x_wconf 83' lang='lat' dir='ltr'><strong>hahet</strong></span> <span class='ocrx_word' id='word_1_97' title='bbox 426 1200 511 1264; x_wconf 88' lang='lat' dir='ltr'><strong>dives,</strong></span> <span class='ocrx_word' id='word_1_98' title='bbox 531 1200 715 1329; x_wconf 61' lang='lat' dir='ltr'><strong>circupaspica</strong></span> <span class='ocrx_word' id='word_1_99' title='bbox 727 1219 808 1258; x_wconf 87' lang='lat' dir='ltr'><strong>mun-</strong></span> 
     </span>
     <span class='ocr_line' id='line_1_16' title="bbox 615 1289 861 1331; baseline 0.004 -2"><span class='ocrx_word' id='word_1_100' title='bbox 615 1292 663 1330; x_wconf 91' lang='lat' dir='ltr'><strong>us:</strong></span> <span class='ocrx_word' id='word_1_101' title='bbox 836 1289 861 1331; x_wconf 72' lang='lat' dir='ltr'><strong>tt</strong></span> 
     </span>
    </p>

    <p class='ocr_par' dir='ltr' id='par_1_16' title="bbox 63 1344 740 1420">
     <span class='ocr_line' id='line_1_17' title="bbox 63 1344 740 1420; baseline 0.007 -21"><span class='ocrx_word' id='word_1_102' title='bbox 63 1345 151 1415; x_wconf 86' lang='lat' dir='ltr'><strong>deque</strong></span> <span class='ocrx_word' id='word_1_103' title='bbox 160 1349 198 1398; x_wconf 87' lang='lat' dir='ltr'><strong>tot</strong></span> <span class='ocrx_word' id='word_1_104' title='bbox 208 1359 238 1397; x_wconf 88' lang='lat' dir='ltr'><strong>ac</strong></span> <span class='ocrx_word' id='word_1_105' title='bbox 246 1345 325 1399; x_wconf 85' lang='lat' dir='ltr'><strong>tantia</strong></span> <span class='ocrx_word' id='word_1_106' title='bbox 335 1344 410 1409; x_wconf 89' lang='lat' dir='ltr'><strong>coeli,</strong></span> <span class='ocrx_word' id='word_1_107' title='bbox 430 1351 574 1419; x_wconf 70' lang='lat' dir='ltr'><strong>terraeque,</strong></span> <span class='ocrx_word' id='word_1_108' title='bbox 595 1349 740 1420; x_wconf 87' lang='lat' dir='ltr'><strong>marisque,</strong></span> 
     </span>
    </p>

    <p class='ocr_par' dir='ltr' id='par_1_17' title="bbox 62 1417 740 1495">
     <span class='ocr_line' id='line_1_18' title="bbox 62 1417 740 1495; baseline 0.01 -24"><span class='ocrx_word' id='word_1_109' title='bbox 62 1434 143 1492; x_wconf 85' lang='lat' dir='ltr'><strong>posce</strong></span> <span class='ocrx_word' id='word_1_110' title='bbox 152 1417 231 1472; x_wconf 83' lang='lat' dir='ltr'><strong>bonis</strong></span> <span class='ocrx_word' id='word_1_111' title='bbox 241 1417 357 1490; x_wconf 90' lang='lat' dir='ltr'><strong>aliquid:</strong></span> <span class='ocrx_word' id='word_1_112' title='bbox 379 1419 479 1475; x_wconf 89' lang='lat' dir='ltr'><strong>nullam</strong></span> <span class='ocrx_word' id='word_1_113' title='bbox 489 1423 587 1493; x_wconf 85' lang='lat' dir='ltr'><strong>patiere</strong></span> <span class='ocrx_word' id='word_1_114' title='bbox 596 1423 740 1495; x_wconf 85' lang='lat' dir='ltr'><strong>repulsam.</strong></span> 
     </span>
    </p>

    <p class='ocr_par' dir='ltr' id='par_1_18' title="bbox 62 1492 749 1570">
     <span class='ocr_line' id='line_1_19' title="bbox 62 1492 749 1570; baseline 0.007 -22"><span class='ocrx_word' id='word_1_115' title='bbox 62 1494 193 1565; x_wconf 84' lang='lat' dir='ltr'><strong>Deprecor</strong></span> <span class='ocrx_word' id='word_1_116' title='bbox 203 1492 361 1563; x_wconf 81' lang='lat' dir='ltr'><strong>hacunum3</strong></span> <span class='ocrx_word' id='word_1_117' title='bbox 382 1495 455 1567; x_wconf 88' lang='lat' dir='ltr'><strong>quod</strong></span> <span class='ocrx_word' id='word_1_118' title='bbox 467 1514 529 1552; x_wconf 90' lang='lat' dir='ltr'><strong>vero</strong></span> <span class='ocrx_word' id='word_1_119' title='bbox 539 1499 749 1570; x_wconf 84' lang='lat' dir='ltr'><strong>nominepoena‚</strong></span> 
     </span>
    </p>

    <p class='ocr_par' dir='ltr' id='par_1_19' title="bbox 64 1569 808 1701">
     <span class='ocr_line' id='line_1_20' title="bbox 64 1569 808 1644; baseline 0.004 -19"><span class='ocrx_word' id='word_1_120' title='bbox 64 1587 117 1625; x_wconf 85' lang='lat' dir='ltr'><strong>non</strong></span> <span class='ocrx_word' id='word_1_121' title='bbox 132 1569 217 1624; x_wconf 87' lang='lat' dir='ltr'><strong>honor</strong></span> <span class='ocrx_word' id='word_1_122' title='bbox 230 1575 280 1624; x_wconf 85' lang='lat' dir='ltr'><strong>est.</strong></span> <span class='ocrx_word' id='word_1_123' title='bbox 310 1571 438 1638; x_wconf 88' lang='lat' dir='ltr'><strong>Poenam,</strong></span> <span class='ocrx_word' id='word_1_124' title='bbox 459 1572 609 1637; x_wconf 78' lang='lat' dir='ltr'><strong>Phaethon,</strong></span> <span class='ocrx_word' id='word_1_125' title='bbox 630 1589 679 1644; x_wconf 90' lang='lat' dir='ltr'><strong>pro</strong></span> <span class='ocrx_word' id='word_1_126' title='bbox 697 1591 808 1629; x_wconf 87' lang='lat' dir='ltr'><strong>munere</strong></span> 
     </span>
     <span class='ocr_line' id='line_1_21' title="bbox 616 1664 695 1701; baseline 0 0"><span class='ocrx_word' id='word_1_127' title='bbox 616 1664 695 1701; x_wconf 84' lang='lat' dir='ltr'><strong>oscas.</strong></span> 
     </span>
    </p>

    <p class='ocr_par' dir='ltr' id='par_1_20' title="bbox 62 1664 862 1794">
     <span class='ocr_line' id='line_1_22' title="bbox 62 1664 862 1794; baseline 0.004 -23"><span class='ocrx_word' id='word_1_128' title='bbox 62 1716 134 1784; x_wconf 90' lang='lat' dir='ltr'><strong>Quid</strong></span> <span class='ocrx_word' id='word_1_129' title='bbox 143 1734 201 1772; x_wconf 90' lang='lat' dir='ltr'><strong>mea</strong></span> <span class='ocrx_word' id='word_1_130' title='bbox 210 1717 276 1774; x_wconf 87' lang='lat' dir='ltr'><strong>colla</strong></span> <span class='ocrx_word' id='word_1_131' title='bbox 286 1725 359 1775; x_wconf 82' lang='lat' dir='ltr'><strong>terras</strong></span> <span class='ocrx_word' id='word_1_132' title='bbox 367 1719 484 1786; x_wconf 86' lang='lat' dir='ltr'><strong>blandis,</strong></span> <span class='ocrx_word' id='word_1_133' title='bbox 506 1664 615 1794; x_wconf 50' lang='lat' dir='ltr'><strong>ignargJ</strong></span> <span class='ocrx_word' id='word_1_134' title='bbox 627 1719 749 1776; x_wconf 79' lang='lat' dir='ltr'><strong>lacertis?</strong></span> <span class='ocrx_word' id='word_1_135' title='bbox 824 1733 862 1774; x_wconf 80' lang='lat' dir='ltr'><strong>tot</strong></span> 
     </span>
    </p>

    <p class='ocr_par' dir='ltr' id='par_1_21' title="bbox 62 1791 749 1869">
     <span class='ocr_line' id='line_1_23' title="bbox 62 1791 749 1869; baseline 0.004 -23"><span class='ocrx_word' id='word_1_136' title='bbox 62 1793 102 1846; x_wconf 84' lang='lat' dir='ltr'><strong>Ne</strong></span> <span class='ocrx_word' id='word_1_137' title='bbox 111 1791 218 1851; x_wconf 85' lang='lat' dir='ltr'><strong>dubita:</strong></span> <span class='ocrx_word' id='word_1_138' title='bbox 239 1794 355 1862; x_wconf 87' lang='lat' dir='ltr'><strong>dabitur,</strong></span> <span class='ocrx_word' id='word_1_139' title='bbox 376 1795 483 1869; x_wconf 81' lang='lat' dir='ltr'><strong>Stygias</strong></span> <span class='ocrx_word' id='word_1_140' title='bbox 493 1795 642 1849; x_wconf 89' lang='lat' dir='ltr'><strong>iuravimus</strong></span> <span class='ocrx_word' id='word_1_141' title='bbox 652 1794 749 1859; x_wconf 83' lang='lat' dir='ltr'><strong>undas,</strong></span> 
     </span>
    </p>

    <p class='ocr_par' dir='ltr' id='par_1_22' title="bbox 62 1866 712 1940">
     <span class='ocr_line' id='line_1_24' title="bbox 62 1866 712 1940; baseline 0.005 -20"><span class='ocrx_word' id='word_1_142' title='bbox 62 1866 243 1938; x_wconf 87' lang='lat' dir='ltr'><strong>quodcunque</strong></span> <span class='ocrx_word' id='word_1_143' title='bbox 252 1870 364 1938; x_wconf 89' lang='lat' dir='ltr'><strong>optaris:</strong></span> <span class='ocrx_word' id='word_1_144' title='bbox 385 1869 432 1924; x_wconf 84' lang='lat' dir='ltr'><strong>sed</strong></span> <span class='ocrx_word' id='word_1_145' title='bbox 443 1878 471 1923; x_wconf 91' lang='lat' dir='ltr'><strong>tu</strong></span> <span class='ocrx_word' id='word_1_146' title='bbox 484 1869 631 1940; x_wconf 86' lang='lat' dir='ltr'><strong>sapientius</strong></span> <span class='ocrx_word' id='word_1_147' title='bbox 642 1877 712 1940; x_wconf 88' lang='lat' dir='ltr'><strong>opta.</strong></span> 
     </span>
    </p>

    <p class='ocr_par' dir='ltr' id='par_1_23' title="bbox 61 1940 862 2233">
     <span class='ocr_line' id='line_1_25' title="bbox 99 1940 773 2017; baseline 0.003 -21"><span class='ocrx_word' id='word_1_148' title='bbox 99 1940 215 1996; x_wconf 78' lang='lat' dir='ltr'><strong>Finierat</strong></span> <span class='ocrx_word' id='word_1_149' title='bbox 226 1944 353 1999; x_wconf 89' lang='lat' dir='ltr'><strong>monitus.</strong></span> <span class='ocrx_word' id='word_1_150' title='bbox 382 1945 464 1998; x_wconf 79' lang='lat' dir='ltr'><strong>Dictis</strong></span> <span class='ocrx_word' id='word_1_151' title='bbox 473 1951 561 1998; x_wconf 84' lang='lat' dir='ltr'><strong>tamen</strong></span> <span class='ocrx_word' id='word_1_152' title='bbox 572 1942 617 1998; x_wconf 83' lang='lat' dir='ltr'><strong>ilie</strong></span> <span class='ocrx_word' id='word_1_153' title='bbox 629 1951 773 2017; x_wconf 75' lang='lat' dir='ltr'><strong>repugnat:</strong></span> 
     </span>
     <span class='ocr_line' id='line_1_26' title="bbox 61 2015 804 2091; baseline 0.003 -20"><span class='ocrx_word' id='word_1_154' title='bbox 61 2015 281 2088; x_wconf 87' lang='lat' dir='ltr'><strong>propositumque</strong></span> <span class='ocrx_word' id='word_1_155' title='bbox 289 2019 395 2088; x_wconf 85' lang='lat' dir='ltr'><strong>premit,</strong></span> <span class='ocrx_word' id='word_1_156' title='bbox 410 2016 554 2091; x_wconf 82' lang='lat' dir='ltr'><strong>flagratque</strong></span> <span class='ocrx_word' id='word_1_157' title='bbox 564 2018 690 2089; x_wconf 82' lang='lat' dir='ltr'><strong>cupidine</strong></span> <span class='ocrx_word' id='word_1_158' title='bbox 700 2036 804 2075; x_wconf 86' lang='lat' dir='ltr'><strong>currus.</strong></span> 
     </span>
     <span class='ocr_line' id='line_1_27' title="bbox 61 2089 862 2165; baseline 0.004 -22"><span class='ocrx_word' id='word_1_159' title='bbox 61 2089 146 2162; x_wconf 81' lang='lat' dir='ltr'><strong>Ergo,</strong></span> <span class='ocrx_word' id='word_1_160' title='bbox 166 2108 220 2162; x_wconf 90' lang='lat' dir='ltr'><strong>qua</strong></span> <span class='ocrx_word' id='word_1_161' title='bbox 231 2090 319 2157; x_wconf 84' lang='lat' dir='ltr'><strong>licuit,</strong></span> <span class='ocrx_word' id='word_1_162' title='bbox 340 2092 444 2165; x_wconf 82' lang='lat' dir='ltr'><strong>genitor</strong></span> <span class='ocrx_word' id='word_1_163' title='bbox 452 2100 606 2158; x_wconf 88' lang='lat' dir='ltr'><strong>cunctatus,</strong></span> <span class='ocrx_word' id='word_1_164' title='bbox 627 2092 661 2147; x_wconf 92' lang='lat' dir='ltr'><strong>ad</strong></span> <span class='ocrx_word' id='word_1_165' title='bbox 672 2092 738 2148; x_wconf 83' lang='lat' dir='ltr'><strong>altas</strong></span> <span class='ocrx_word' id='word_1_166' title='bbox 823 2105 862 2147; x_wconf 76' lang='lat'><strong>105</strong></span> 
     </span>
     <span class='ocr_line' id='line_1_28' title="bbox 62 2162 731 2233; baseline 0.004 -15"><span class='ocrx_word' id='word_1_167' title='bbox 62 2162 169 2218; x_wconf 84' lang='lat' dir='ltr'><strong>deducit</strong></span> <span class='ocrx_word' id='word_1_168' title='bbox 178 2166 316 2230; x_wconf 87' lang='lat' dir='ltr'><strong>iuvenem,</strong></span> <span class='ocrx_word' id='word_1_169' title='bbox 339 2166 467 2222; x_wconf 82' lang='lat' dir='ltr'><strong>Vulcania</strong></span> <span class='ocrx_word' id='word_1_170' title='bbox 479 2184 603 2233; x_wconf 90' lang='lat' dir='ltr'><strong>munera,</strong></span> <span class='ocrx_word' id='word_1_171' title='bbox 624 2183 731 2221; x_wconf 86' lang='lat' dir='ltr'><strong>currus.</strong></span> 
     </span>
    </p>

    <p class='ocr_par' dir='ltr' id='par_1_24' title="bbox 62 2237 760 2306">
     <span class='ocr_line' id='line_1_29' title="bbox 62 2237 760 2306; baseline 0.006 -14"><span class='ocrx_word' id='word_1_172' title='bbox 62 2237 167 2293; x_wconf 82' lang='lat' dir='ltr'><strong>Aureus</strong></span> <span class='ocrx_word' id='word_1_173' title='bbox 176 2239 234 2294; x_wconf 79' lang='lat' dir='ltr'><strong>axis</strong></span> <span class='ocrx_word' id='word_1_174' title='bbox 244 2247 316 2306; x_wconf 85' lang='lat' dir='ltr'><strong>erat,</strong></span> <span class='ocrx_word' id='word_1_175' title='bbox 337 2248 407 2296; x_wconf 85' lang='lat' dir='ltr'><strong>temo</strong></span> <span class='ocrx_word' id='word_1_176' title='bbox 416 2258 528 2306; x_wconf 87' lang='lat' dir='ltr'><strong>aureus,</strong></span> <span class='ocrx_word' id='word_1_177' title='bbox 549 2258 760 2296; x_wconf 86' lang='lat' dir='ltr'><strong>aureasummae</strong></span> 
     </span>
    </p>

    <p class='ocr_par' dir='ltr' id='par_1_25' title="bbox 62 2314 696 2387">
     <span class='ocr_line' id='line_1_30' title="bbox 62 2314 696 2387; baseline 0.003 -19"><span class='ocrx_word' id='word_1_178' title='bbox 62 2321 204 2368; x_wconf 86' lang='lat' dir='ltr'><strong>curvatura</strong></span> <span class='ocrx_word' id='word_1_179' title='bbox 217 2322 302 2380; x_wconf 87' lang='lat' dir='ltr'><strong>rotae;</strong></span> <span class='ocrx_word' id='word_1_180' title='bbox 324 2315 459 2370; x_wconf 89' lang='lat' dir='ltr'><strong>radiorum</strong></span> <span class='ocrx_word' id='word_1_181' title='bbox 472 2324 612 2387; x_wconf 82' lang='lat' dir='ltr'><strong>argenteus</strong></span> <span class='ocrx_word' id='word_1_182' title='bbox 623 2314 696 2371; x_wconf 89' lang='lat' dir='ltr'><strong>ordo.</strong></span> 
     </span>
    </p>

    <p class='ocr_par' dir='ltr' id='par_1_26' title="bbox 62 2387 806 2463">
     <span class='ocr_line' id='line_1_31' title="bbox 62 2387 806 2463; baseline 0.005 -23"><span class='ocrx_word' id='word_1_183' title='bbox 62 2387 111 2440; x_wconf 83' lang='lat' dir='ltr'><strong>Per</strong></span> <span class='ocrx_word' id='word_1_184' title='bbox 120 2387 183 2460; x_wconf 78' lang='lat' dir='ltr'><strong>iuga</strong></span> <span class='ocrx_word' id='word_1_185' title='bbox 193 2388 359 2460; x_wconf 79' lang='lat' dir='ltr'><strong>chrysolithi,</strong></span> <span class='ocrx_word' id='word_1_186' title='bbox 372 2389 525 2461; x_wconf 87' lang='lat' dir='ltr'><strong>positaeque</strong></span> <span class='ocrx_word' id='word_1_187' title='bbox 533 2407 566 2444; x_wconf 88' lang='lat' dir='ltr'><strong>ex</strong></span> <span class='ocrx_word' id='word_1_188' title='bbox 576 2389 668 2444; x_wconf 84' lang='lat' dir='ltr'><strong>ordine</strong></span> <span class='ocrx_word' id='word_1_189' title='bbox 676 2405 806 2463; x_wconf 83' lang='lat' dir='ltr'><strong>gemmae,</strong></span> 
     </span>
    </p>

    <p class='ocr_par' dir='ltr' id='par_1_27' title="bbox 62 2459 862 2533">
     <span class='ocr_line' id='line_1_32' title="bbox 62 2459 862 2533; baseline 0.003 -18"><span class='ocrx_word' id='word_1_190' title='bbox 62 2459 132 2515; x_wconf 86' lang='lat' dir='ltr'><strong>clara</strong></span> <span class='ocrx_word' id='word_1_191' title='bbox 142 2479 297 2533; x_wconf 89' lang='lat' dir='ltr'><strong>repercusso</strong></span> <span class='ocrx_word' id='word_1_192' title='bbox 307 2463 450 2517; x_wconf 88' lang='lat' dir='ltr'><strong>reddebant</strong></span> <span class='ocrx_word' id='word_1_193' title='bbox 460 2463 562 2518; x_wconf 87' lang='lat' dir='ltr'><strong>lumina</strong></span> <span class='ocrx_word' id='word_1_194' title='bbox 573 2463 687 2519; x_wconf 88' lang='lat' dir='ltr'><strong>Phoebo.</strong></span> <span class='ocrx_word' id='word_1_195' title='bbox 824 2476 862 2518; x_wconf 79' lang='lat'><strong>11⁰</strong></span> 
     </span>
    </p>

    <p class='ocr_par' dir='ltr' id='par_1_28' title="bbox 63 2537 810 2683">
     <span class='ocr_line' id='line_1_33' title="bbox 63 2537 810 2611; baseline 0.004 -21"><span class='ocrx_word' id='word_1_196' title='bbox 63 2537 425 2610; x_wconf 83' lang='lat' dir='ltr'><strong>Dumquecamagnaaimus</strong></span> <span class='ocrx_word' id='word_1_197' title='bbox 435 2538 571 2594; x_wconf 73' lang='lat' dir='ltr'><strong>Phaethon</strong></span> <span class='ocrx_word' id='word_1_198' title='bbox 580 2538 707 2605; x_wconf 85' lang='lat' dir='ltr'><strong>miratur,</strong></span> <span class='ocrx_word' id='word_1_199' title='bbox 728 2556 810 2611; x_wconf 87' lang='lat' dir='ltr'><strong>apus-</strong></span> 
     </span>
     <span class='ocr_line' id='line_1_34' title="bbox 605 2629 664 2683; baseline -0.017 -17"><span class='ocrx_word' id='word_1_200' title='bbox 605 2629 664 2683; x_wconf 69' lang='lat' dir='ltr'><strong>upa</strong></span> 
     </span>
    </p>
   </div>
   <div class='ocr_carea' id='block_1_3' title="bbox 0 0 947 2940">
    <p class='ocr_par' dir='ltr' id='par_1_29' title="bbox 0 0 947 2940">
     <span class='ocr_line' id='line_1_35' title="bbox 0 0 947 2940; baseline 0 0"><span class='ocrx_word' id='word_1_201' title='bbox 0 0 947 2940; x_wconf 95' lang='lat' dir='ltr'><strong> </strong></span> 
     </span>
    </p>
   </div>
  </div>
 </body>
</html>
