1874 2940
120 108 154 161 70
302 118 331 164 l’.
352 120 484 167 0v11>11
501 119 666 166 NASONIS

121 213 428 292 Planxeruntiiryadea:
447 217 635 290 plangentibus
644 226 750 274 assonat
758 218 842 275 Eeho.

120 289 231 362 Iamque
249 308 361 367 rogum,
381 308 547 367 quassasque
570 291 653 358 faces,
683 292 864 366 feretrumque

597 369 740 438 parabant:

122 456 259 513 nusquam
268 446 443 514 cerpuaerat:
464 442 863 514 crooeumproeorporessorem

68 523 106 566 515
121 511 274 583 inveniunt,
294 516 363 573 foliis
372 513 491 569 medium
500 515 669 589 cingentibus
679 519 757 572 albis.

160 589 271 665 Cognita
281 608 323 647 rea
331 588 385 645 vati
395 588 516 669 meritam
526 607 574 661 per
585 590 717 646 Achaidas
725 592 806 647 urbas

124 664 247 721 attulerat
258 664 370 721 famam:
391 680 489 719 nomen
510 667 842 739 uaerutaugurisingena.

122 735 394 809 SpernitEehianides
403 744 491 793 tamen
522 756 589 804 uno,
610 756 642 793 ex
656 741 864 796 omnibusunus

122 822 266 869 contemtor
274 812 421 885 Superum,
438 813 585 867 Pentheus:
605 831 784 885 praesagaque
797 815 865 869 ridet

69 896 109 940 515
123 888 203 943 verba
213 887 299 945 aenis:
320 885 495 958 tenebrasque
505 894 530 941 et
539 886 640 941 cladem
651 886 717 941 lucis
727 887 846 940 ademtae
864 955 868 961 ι

123 960 223 1017 obiicit.
252 961 309 1026 Ille,
330 978 440 1016 movens
451 959 565 1017 albentia
577 969 694 1032 tempora
704 961 787 1026 canis,

123 1034 210 1103 Quam
220 1035 285 1092 felix
292 1052 373 1101 esses,
394 1035 418 1090 si
428 1042 458 1091 tu
468 1053 576 1108 quoque
585 1035 696 1090 luminis
707 1036 790 1090 huius

123 1111 214 1177 orbus,
235 1110 280 1175 ait,
300 1108 445 1176 fieres,nac
452 1111 661 1167 Baeahieasacra
671 1110 788 1166 videres!

124 1186 246 1259 Namque
255 1185 311 1239 dies
321 1184 503 1259 adarit‚quam
511 1185 661 1258 nonprecul
671 1203 786 1260 auguror
795 1200 865 1249 esse,

70 1271 110 1315 52⁰
163 1277 277 1317 anavus
287 1259 340 1317 huo
349 1264 447 1328 veniat,
468 1261 556 1335 proles
565 1260 703 1327 Semeleia,
724 1260 813 1315 Liber.

124 1279 209 1404 {illm
220 1335 272 1390 nisi
282 1337 442 1408 templorum
451 1337 534 1393 fueris
544 1337 670 1412 dignatus
680 1335 792 1403 honore;

125 1409 493 1486 millelueerspargeraloeist
513 1412 679 1486 etsanguine
692 1411 774 1465 silvas

124 1485 252 1551 foedabis,
273 1495 438 1558 matremque
447 1496 531 1552 tuum,
551 1488 697 1558 matrisque
707 1501 819 1540 sorores.

124 1560 248 1617 Eveniat:
271 1562 438 1632 nequeenim
447 1561 590 1633 dignabere
600 1578 701 1616 numen
714 1561 828 1615 honere:

71 1645 110 1689 525
126 1650 222 1708 meque
231 1636 283 1691 suh
293 1636 336 1690 his
347 1635 462 1690 tenebris
473 1635 587 1689 nimium
597 1636 696 1690 vidisse
705 1635 834 1707 quereris

126 1710 199 1766 Talia
208 1710 340 1766 dicentem
349 1710 489 1781 proturbat
497 1709 615 1764 Echione
624 1719 713 1764 natus.

126 1786 200 1840 Dicta
212 1786 278 1841 fidas
287 1785 419 1857 sequitur,
441 1801 621 1857 responsaque
629 1784 698 1839 vatis
709 1790 837 1857 aguntur.

126 1861 205 1915 Liber
215 1861 302 1915 adest:
322 1859 452 1931 festisque
467 1858 584 1913 fremunt
593 1858 741 1914 ululatibus
751 1858 818 1930 agri.

127 1935 215 1991 Turba
225 1937 292 1990 ruit:
314 1935 462 2006 mistaeque
470 1933 536 1988 viris
547 1942 699 2005 matresque
708 1948 858 2003 nurusque,

73 2019 112 2065 555
126 2009 280 2084 vulgusque
289 2017 314 2064 et
324 2027 443 2081 praeeras
452 2009 542 2083 ignota
551 2008 586 2062 ad
597 2024 671 2062 saara
683 2004 813 2061 feruntur.

127 2083 292 2152 Quietum,
312 2084 488 2158 anguigenae,
510 2081 597 2154 proles
606 2081 748 2145 Mavortia,
768 2090 873 2139 vestras

127 2162 240 2216 attonuit
250 2158 372 2214 mentes?
395 2160 528 2215 Pentheus
538 2158 584 2212 ait.
614 2157 716 2211 darana
729 2163 834 2213 tantum

128 2253 186 2292 aere
195 2234 303 2307 repulsa
312 2232 410 2303 valent,
431 2241 457 2288 at
467 2233 570 2288 aduam
579 2232 644 2286 tibia
653 2249 745 2296 eornu,

96 2379 98 2383 Ι
128 2317 154 2365 et
162 2312 281 2384 magicae
290 2307 405 2376 fraudas,
427 2316 466 2374 ut,
487 2326 556 2380 quus
566 2325 619 2363 uon
629 2306 741 2362 bellicus
750 2307 832 2374 ensis,

75 2396 114 2440 535
129 2404 183 2441 non
193 2385 257 2440 tuba
267 2383 396 2449 terruerit,
418 2401 471 2439 non
484 2382 582 2438 strictis
592 2383 698 2456 agmina
708 2382 777 2446 telis,

129 2459 258 2515 femineae
267 2476 359 2525 voees,
380 2466 405 2514 et
415 2465 486 2514 mota
496 2459 600 2514 insania
609 2458 681 2527 vino,

129 2535 292 2608 obscenique
300 2552 404 2609 greges,
425 2542 451 2589 et
460 2533 550 2590 inania
560 2542 687 2608 tympana
699 2530 827 2586 vincant?

124 2611 219 2678 Vosne,
242 2629 332 2682 senes,
344 2630 436 2682 mirer,
452 2609 502 2687 qui
524 2608 609 2683 iunge
615 2627 663 2681 uer
674 2609 868 2677 aequarauaati
