1874 2940
180 130 557 178 METAMORPHOSEON
575 136 646 180 LIB.
667 138 734 182 xm.
782 134 832 185 295

85 233 177 288 Frater
185 237 253 285 erat:
274 228 388 285 fraterna
397 238 466 301 peto.
497 231 567 297 Quid
577 235 709 306 sanguine
718 245 806 293 cretus

85 305 221 380 Sisyphio,
243 302 375 376 furtisque
386 313 412 359 et
421 304 513 359 fraude
522 305 678 362 similIImus
688 309 737 376 illi,

85 379 181 435 Inserit
187 377 310 434 Aeacidis
319 378 419 434 alienae
429 380 537 434 numina
547 379 653 453 gentis?

86 451 212 526 Inquod
220 452 249 507 in
259 469 333 507 arma
343 453 424 523 prior,
446 453 574 525 nulloque
584 454 636 508 sub
646 455 734 511 indica
743 461 815 525 veni,

86 544 161 583 arma
169 526 291 600 neganda
301 525 387 581 mihi?
404 528 543 600 potiorque
553 528 686 584 videbitur
699 530 753 598 ills,
861 545 886 587 35

85 601 182 657 ultima
191 601 239 672 qui
250 600 329 671 oepit,
350 600 555 674 detrectavitque
564 601 653 658 furore

86 674 295 731 militiamdoto:
316 674 400 730 donec
409 674 539 733 sollertior
549 677 608 744 isto,

86 748 313 814 atsibiinutilior,
335 750 420 806 timidi
430 759 579 808 commenta
589 753 682 809 retexit

84 822 248 896 Naupliades
259 823 352 890 ammi,
373 825 508 897 vitataque
518 828 598 884 traxit
607 828 641 883 ad
650 827 742 884 armat

85 898 186 970 optima
194 913 268 953 nuno
276 904 375 964 sumat,
396 900 445 970 qui
454 919 560 956 sumere
570 902 656 958 uoluit
665 903 735 973 ullu;
860 910 886 956 tu

87 990 137 1028 uos
146 972 307 1038 inhonorati,
327 980 353 1026 et
362 971 440 1027 donis
449 975 616 1043 patruelibus
625 979 693 1043 orbi,

86 1045 233 1102 obtulimus
243 1046 307 1118 quia
317 1064 366 1101 nos
375 1046 410 1100 ad
417 1047 504 1116 prima
513 1049 639 1117 pericula,
660 1050 765 1106 simus?

85 1120 173 1194 Atque
190 1121 294 1188 utinam
313 1128 359 1175 aut
376 1138 456 1177 verus
475 1119 548 1177 furor
562 1120 621 1188 ille,
642 1132 688 1177 aut
704 1125 829 1190 creditus,

618 1204 700 1260 esset3

86 1285 135 1324 nso
143 1284 232 1324 eomes
242 1268 286 1323 hio
295 1266 426 1341 Phrygias
437 1286 559 1340 unquam
569 1269 685 1323 venisset
695 1268 727 1322 ad
737 1285 810 1322 arces

85 1341 354 1399 hortatorsoeleruml
384 1344 441 1397 Non
453 1350 486 1408 ta,
507 1341 628 1397 Poeantis
638 1341 735 1413 proles,
858 1350 884 1397 45

84 1418 236 1488 expositum
246 1417 362 1472 Lemnos
373 1425 461 1473 nostro
470 1433 532 1471 cum
541 1416 654 1472 erimina
663 1416 782 1471 haberet:

85 1491 226 1563 quinimo,
238 1498 434 1557 utmemorant‚
450 1490 620 1546 silvestribus
630 1491 737 1547 abditus
747 1492 830 1547 antris

85 1583 149 1621 saxa
159 1583 250 1621 nroves
260 1565 372 1639 gemitu,
392 1565 599 1641 Laertiadaeque
606 1567 733 1640 precaris,

85 1656 154 1711 quas
164 1640 275 1696 meruit:
296 1657 374 1713 quas,
394 1641 417 1696 si
428 1642 456 1696 dt
466 1649 539 1708 sunt,
561 1659 615 1698 nun
625 1660 693 1697 vana
702 1642 827 1712 precaris.

84 1713 119 1768 Et
129 1713 255 1770 uuuoille
264 1715 355 1770 eadem
365 1716 442 1771 nobis
451 1716 555 1771 iuratus
565 1717 594 1769 iu
607 1732 691 1780 arma,
858 1728 883 1769 5ο

84 1787 148 1856 heu,
167 1785 415 1860 pars‘unaduoum,
438 1806 493 1859 quo
501 1806 652 1844 successore
661 1789 773 1863 sagittas

84 1861 204 1918 Herculis
213 1869 336 1930 utuntur,
356 1860 454 1918 tractus
464 1863 611 1936 morboque
619 1861 751 1939 fameque,

85 1935 240 2010 velaturque
248 1939 381 2011 aliturque
390 1938 500 2008 avibus;
521 1938 697 2014 volucresque
705 1940 817 2016 pewudo

84 2009 171 2065 debita
182 2013 302 2070 Troianis
312 2021 414 2069 exeroet
426 2013 529 2086 spicula
539 2014 610 2072 fatis.

83 2081 317 2153 Illetamenvivit,
338 2089 730 2161 quianonoomitatusUIIxeu.
858 2097 882 2138 ⁵5

84 2154 168 2211 Vellet
177 2165 203 2212 et
211 2159 304 2215 infeIIx
313 2163 467 2220 Palamedes
476 2182 535 2220 esse
546 2166 668 2222 relictus:

85 2228 199 2285 viveret:
220 2239 267 2286 aut
276 2242 344 2289 uerte
354 2236 437 2293 tetum
447 2239 505 2295 sine
514 2241 627 2295 crimina
636 2239 757 2293 haberet:

84 2320 166 2377 quem
175 2303 244 2360 mals
253 2307 366 2362 oouvioti
375 2312 491 2368 nimium
502 2332 603 2369 memor
612 2314 662 2366 iste
670 2307 767 2363 furoris

83 2377 194 2451 prodere
203 2396 260 2434 rem
269 2380 391 2439 Danaum
400 2387 493 2453 finxit,
514 2379 790 2455 fictumqueprobavit

84 2455 195 2520 odmen,
213 2461 239 2509 et
248 2456 372 2523 ostendit,
383 2461 457 2532 quod
467 2462 519 2515 iam
529 2457 700 2531 praefoderat,
714 2470 821 2508 aurum.
856 2465 881 2506 oo

82 2531 153 2604 Ergo
163 2536 209 2585 aut
220 2529 314 2587 exsilio
325 2531 397 2590 vires
406 2536 537 2590 subduxit
544 2530 663 2595 Achiuis,

83 2612 211 2663 autusoe.
241 2605 285 2663 sio
293 2617 407 2685 pugnat,
428 2609 467 2664 sio
476 2617 516 2662 est
525 2605 683 2661 metuendus
692 2604 793 2661 Ulixes.
