1874 2940
147 135 178 186 i0
329 140 360 186 Ρ.
381 139 507 187 ovlml
524 141 692 188 unsouls

145 240 294 310 emittitque
303 239 411 294 Notum.
440 239 555 296 Madidis
565 238 649 296 Notus
659 237 744 295 evolat
754 241 813 307 alis,

91 326 130 369 255
145 312 290 368 terribilem
299 313 372 384 picea
382 321 466 369 tectus
474 312 588 386 caligine
598 313 713 368 vultum.

145 387 229 443 Barba
239 388 329 459 gravis
340 388 454 456 nimbis;
475 389 549 442 canis
560 386 618 443 duit
628 387 698 442 unda
710 387 827 458 capillis:

146 460 230 516 fronte
240 460 459 517 sedentnebulae:
473 468 563 517 rorant
570 478 726 533 pennaeque
735 463 875 533 sinusque.

145 536 233 608 thue
242 552 324 591 manu
334 535 383 590 lata
392 536 534 608 pendentia
545 535 638 590 nubila
647 537 752 606 pressit,

146 609 286 683 fitiragcr,
306 617 331 663 et
340 609 416 664 densi
427 609 577 664 funduntur
586 609 620 664 ab
629 609 733 664 aethere
742 610 837 665 nimbi.

93 694 132 738 215
145 684 246 739 Nuntia
256 683 374 748 lunonis,
395 685 483 739 varios
493 683 586 738 induta
596 682 704 749 colores,

147 758 262 829 concipit
271 758 320 812 Iris
330 774 423 828 aquas,
444 756 623 829 alimentaque
632 758 752 813 nubibus
762 758 844 813 affert.

147 831 307 887 Sternuntur
317 839 427 903 segetes,
448 839 474 886 et
482 831 615 903 deplorata
624 831 724 887 colonis

147 914 207 963 vota
217 907 314 974 iacent;
337 905 463 978 longique
471 907 540 978 perit
551 905 624 962 labor
634 905 724 962 irritus
735 908 808 961 anni.

147 982 201 1035 Nec
211 979 282 1036 ccelc
291 988 471 1035 contentasuo
484 989 524 1035 est
535 980 603 1036 {ovis
612 981 665 1035 ira:
687 981 733 1036 sed
743 981 820 1036 illum

91 1064 132 1108 215
147 1053 284 1110 caeruleus
293 1053 372 1110 frater
380 1055 455 1110 iuvat
462 1055 637 1110 auxiliaribus
648 1055 739 1111 undis.

148 1129 280 1186 Convocat
288 1129 332 1187 hic
342 1147 447 1186 amnes:
468 1130 516 1202 qui
525 1137 667 1202 postquam
677 1137 742 1185 tecta
753 1131 860 1202 tyranni

148 1205 278 1261 intravere
286 1205 338 1272 sui,
360 1207 419 1261 Non
431 1212 470 1261 est
479 1204 626 1261 hortamine
637 1205 715 1279 longo

148 1298 234 1348 nunc,
255 1280 304 1347 ait,
325 1281 470 1338 utendum:
491 1281 562 1338 vires
575 1280 701 1337 effundite
709 1285 818 1336 vestras.

147 1353 191 1409 Sic
199 1373 267 1426 opus
277 1363 329 1425 est;
350 1358 448 1429 aperite
458 1356 565 1423 domos,
585 1373 630 1421 ac,
651 1354 720 1410 mole
731 1360 838 1418 remota,

94 1436 133 1479 280
147 1425 306 1483 fluminibus
318 1430 413 1483 vestris
422 1438 489 1484 tatas
499 1430 633 1484 immittite
642 1428 768 1483 habenas.

149 1501 277 1553 Iusserat:
299 1500 327 1553 bi
338 1501 461 1567 redeunt,
482 1519 513 1556 ac
525 1501 643 1556 fontibus
653 1501 834 1562 marcianam,

149 1581 174 1626 et
183 1571 316 1627 defrenato
326 1571 471 1629 volvuntur
479 1574 509 1627 in
521 1590 635 1644 aequora
645 1589 736 1626 cursu.

149 1649 209 1718 Ipse
220 1646 330 1701 tridente
343 1663 393 1703 suo
401 1653 498 1702 terram
506 1647 652 1718 percussit:
674 1652 701 1698 at
711 1643 757 1698 ilia

149 1721 296 1786 intremuit,
316 1727 445 1793 motuque
452 1721 510 1778 vias
519 1719 639 1793 patefecit
648 1735 789 1791 aquarum.

96 1806 136 1849 255
149 1795 303 1866 Exspatiata
312 1802 396 1850 ruunt
404 1804 562 1867 perapertos
572 1794 683 1870 flumina
694 1810 816 1863 campos3

149 1885 266 1940 cumque
274 1871 338 1925 satis
348 1870 456 1925 arbusta
466 1869 558 1937 simul,
568 1869 745 1943 pecudesque,
756 1867 890 1938 virosque,

150 1951 279 2016 tectaque,
299 1961 416 2017 cumque
425 1944 484 2000 suis
493 1946 600 2015 rapiunt
609 1941 752 2016 penetralia
762 1941 854 1996 sacris.

149 2017 177 2072 Si
187 2019 345 2089 qua'dcmus
355 2019 467 2085 mansit,
487 2019 626 2091 potuitque
636 2018 756 2073 resistere
766 2022 838 2071 tanto

149 2091 277 2148 indeiecta
287 2093 370 2161 malo;
391 2093 498 2148 culmen
508 2101 596 2149 tamen
607 2092 682 2148 altior
695 2091 777 2146 buius

96 2177 135 2222 255
149 2166 221 2221 unda
230 2168 308 2241 tegit,
328 2185 488 2240 pressaeque
498 2165 579 2222 latent
586 2168 638 2222 sub
647 2166 752 2240 gurgite
762 2173 857 2220 turres.

150 2243 260 2312 Iamque
268 2260 341 2297 mare
350 2250 376 2297 et
384 2241 463 2297 tellus
474 2240 580 2297 nullum
592 2242 734 2296 discrimen
745 2239 892 2294 habebant:

150 2316 239 2370 omnia
248 2324 346 2387 pontus
356 2324 425 2371 erat:
446 2316 553 2371 deerant
563 2315 763 2388 quoquolittcra
774 2321 864 2386 ponto.

151 2389 440 2461 Occupathicccllem:
461 2391 558 2464 cymba
568 2390 641 2446 sedet
649 2389 714 2444 alter
723 2388 836 2453 adunca,

151 2472 176 2519 et
186 2465 258 2519 ducit
268 2482 354 2521 remos
364 2465 432 2534 ilbc,
453 2465 502 2522 ubi
513 2483 598 2537 nuper
607 2471 701 2520 ararat.

97 2548 136 2593 295
150 2538 197 2594 Ille
206 2556 286 2610 supra
296 2547 397 2614 segetes
407 2547 453 2596 aut
462 2557 564 2596 mersae
572 2539 692 2596 culmina
700 2537 779 2594 villae

134 2613 268 2682 marmot:
285 2615 336 2670 bic
345 2632 454 2672 summa
461 2615 566 2690 piscem
576 2614 714 2690 deprendit
723 2613 753 2668 in
761 2611 845 2667 ulmo.
