1874 2940
164 275 541 322 unrnuonnuosnon
558 278 627 324 mn.
647 280 705 326 xu.
757 272 807 328 275

65 374 152 448 Atque
161 392 257 431 novem
269 373 389 430 volucres
399 373 428 428 in
436 373 501 428 belii
509 373 606 448 digerit
613 393 706 434 annos.

67 450 126 516 ille,
147 456 240 505 uteret
249 449 348 506 virides
357 446 498 520 amplexus
509 449 538 504 in
547 449 640 505 arbore
651 469 748 519 ramos,

66 524 187 595 fitiapis,
206 531 233 579 et
243 531 331 581 servat
338 523 469 597 serpentis
480 523 598 597 imagine
606 538 712 580 saxum.

103 601 242 654 Permanet
251 598 345 655 Aoniis
353 600 455 655 Nereus
462 598 595 655 violentus
605 599 634 653 in
644 600 740 655 undis:

66 673 397 746 bellaquencnirensiert:
417 680 443 729 et
451 678 525 740 sunt,
543 674 592 746 qui
600 690 708 746 parcere
715 675 808 732 Troiae
836 689 862 734 25

66 751 221 821 Neptunum
231 749 352 819 credunt3
372 747 749 822 quiumoeniuioeernturbis.

67 824 101 880 At
110 842 164 880 non
174 825 350 881 Thestorides.
379 826 434 881 Nec
442 825 515 880 enim
524 825 749 881 nescitvetacetve

66 898 746 1049 {ttiuttttttutittitttttttts

68 1068 168 1122 rexque
177 1057 279 1121 putrem
289 1050 362 1115 vicit,
383 1058 540 1122 castumque
548 1051 642 1107 datura
651 1069 772 1110 cruorem
838 1063 863 1108 tc

68 1123 192 1178 flentibus
203 1129 263 1177 ante
274 1141 348 1177 aram
357 1124 428 1178 stetit
436 1123 573 1209 Iphigenia
582 1127 727 1196 ministris;

69 1196 254 1264 victadeaest3
276 1196 638 1268 nubemqueocnhsobiecit3
659 1209 684 1255 et
693 1202 762 1257 inter

68 1270 187 1326 officium
196 1270 356 1342 turbamque
365 1271 433 1325 sacri
442 1287 574 1343 vocesque
582 1282 738 1344 precantum

68 1345 205 1418 supposita
216 1344 297 1401 fertur
307 1352 424 1399 mutasse
432 1345 571 1419 Mycenida
580 1363 667 1402 cerva.

67 1423 138 1496 Ergo
147 1420 204 1486 uhi,
224 1437 278 1492 qua
288 1419 384 1485 decuit,
405 1419 485 1474 lenite
494 1427 534 1475 est
543 1419 621 1475 caede
630 1421 723 1488 Diuus,
839 1439 864 1482 ts

69 1505 94 1552 et
103 1495 200 1568 pariter
209 1495 335 1562 Phoebes,
354 1495 542 1567 paritermnris
554 1495 593 1550 ira
603 1496 723 1552 recessit:

69 1571 202 1644 accipiunt
210 1577 303 1627 ventos
312 1588 327 1625 n
337 1577 409 1643 tergo
421 1569 495 1625 mille
504 1571 621 1626 carinae:

70 1646 206 1718 multaque
215 1662 354 1717 perpessae
363 1645 479 1720 Phrygia
487 1646 626 1718 potiuntur
636 1664 723 1702 arena.

107 1721 177 1777 Orbe
187 1719 259 1777 locus
269 1720 356 1776 medio
365 1727 405 1776 est
413 1721 482 1776 inter
493 1729 629 1794 terrasque
639 1721 791 1795 fretumque

70 1796 247 1868 coelestesque
258 1795 366 1870 pingas,
387 1795 500 1868 triplicis
509 1797 623 1852 confinia
635 1797 744 1852 mundi:
838 1804 864 1854 tt

69 1871 141 1926 unde
152 1871 225 1943 quod
233 1879 272 1926 est
284 1888 414 1942 usquam,
434 1871 559 1943 quamvis
568 1871 722 1944 regionibus
731 1871 808 1939 absit,

70 1946 219 2019 inspicitur,
239 1953 411 2018 penetratque
418 1962 496 2000 cavas
505 1963 557 2002 vox
567 1946 655 2002 omnis
664 1947 698 2002 ad
707 1965 795 2003 sures.

69 2022 150 2078 Fama
159 2029 242 2089 tenet,
262 2038 422 2094 summaque
430 2021 539 2077 domum
549 2021 601 2077 sibi
612 2021 675 2097 legit
684 2023 713 2079 in
723 2041 795 2080 arce:

69 2098 277 2172 innumerosque
287 2097 375 2154 aditus
383 2115 414 2153 ac
423 2096 496 2152 miiie
506 2096 634 2153 foramina
643 2099 717 2155 tectis

70 2173 179 2240 addidit,
199 2183 225 2230 et
235 2173 317 2229 nullis
326 2173 435 2228 inclusit
445 2171 538 2228 iimina
547 2174 640 2245 portis.
839 2181 864 2228 45

70 2246 150 2301 Nocte
158 2248 255 2320 dieque
263 2256 348 2321 patet:
368 2255 420 2304 tcta
432 2254 514 2302 estex
526 2266 584 2303 aere
594 2249 713 2305 sonanti:

71 2326 122 2373 tota
132 2320 229 2387 fremit,
244 2340 374 2395 vocesque
383 2322 474 2377 refert:
495 2323 631 2395 iteratque,
643 2323 715 2393 quod
725 2322 808 2376 audit.

70 2391 151 2447 Nulla
159 2396 237 2465 quies
247 2396 329 2461 intus,
350 2396 478 2468 nullaque
489 2396 593 2451 silentia
605 2406 687 2467 parte.

70 2469 125 2522 Nec
136 2469 389 2536 tamenestclernor‚
411 2470 562 2542 sedparvae
572 2486 710 2526 murmura
720 2468 808 2524 vocis:

71 2540 160 2615 qualia
170 2542 203 2597 de
211 2541 308 2616 pelagi,
329 2543 352 2596 si
362 2545 425 2615 quis
434 2544 526 2616 procul
537 2544 636 2608 audiat,
657 2542 737 2597 undis
840 2558 865 2600 5⁰

71 2634 129 2672 esse
137 2615 236 2673 solent:
257 2615 397 2689 qualemve
405 2636 517 2685 sonum,
537 2635 624 2691 quum
634 2618 732 2688 Iupiter
742 2625 811 2674 atras

70 2692 201 2765 increpuit
210 2691 305 2756 nubes,
326 2693 563 2748 extrematonitrus
576 2691 699 2748 reddunt.

71 2768 143 2825 Atria
154 2768 231 2825 turba
242 2774 344 2825 tenent:
365 2765 682 2838 ueniuntteuernisgus,
690 2770 841 2892 ἔξω
