1874 2940
170 142 550 188 METAMORPHOSEON
567 144 636 188 LIB.
656 145 677 189 1.
783 139 798 189 5

53 243 177 297 arbuteos
187 239 282 307 foetae,
303 247 483 313 montanaque
494 239 568 314 fraga
578 239 709 314 legebant,

52 333 196 387 cornaque,
217 323 242 369 et
251 316 279 370 in
289 314 365 368 duris
375 315 509 370 haerentia
520 332 593 371 mora
602 316 713 382 rubetis,
816 329 853 370 105

53 401 156 462 atquae
166 388 317 444 deciderant
328 387 418 460 patula
427 389 497 445 Iovia
510 389 603 444 arbore
611 389 732 463 glandes.

53 466 106 521 Ver
115 471 170 519 erat
180 471 326 528 aeternnm,
347 462 499 535 placidique
508 463 659 535 tepentibus
670 465 742 520 auris

54 537 207 593 mulcebant
216 538 330 611 Zephyri
342 545 417 593 natos
427 539 485 593 sine
494 539 596 592 semine
605 535 692 594 fleres.

55 614 117 668 Mox
127 613 206 667 etiarn
216 610 307 686 fruges
319 611 396 666 tellus
406 613 508 668 inarata
517 612 629 667 ferebat;

56 705 104 743 nec
113 695 255 742 renovatus
265 705 328 760 ager
339 687 458 760 gravidis
467 687 577 742 canebat
586 686 685 742 aristis.
816 700 854 742 110

57 761 182 817 Flumina
192 762 245 816 iam
257 760 341 827 lactis,
362 761 416 816 iam
426 761 538 818 {lumina
548 761 660 818 nectaris
670 761 759 816 ibant:

55 835 176 908 flavaque
185 836 219 890 de
227 835 307 892 viridi
317 835 454 892 stillabant
465 836 526 891 iliae
541 834 629 892 mella.

92 912 245 982 Postquam,
266 910 380 966 Saturno
390 912 525 966 tenebrosa
536 910 565 965 in
578 911 684 965 Tartara
694 910 788 974 misen,

55 984 178 1040 sub-love
188 984 308 1039 mundus
318 991 382 1050 erat,
402 986 486 1040 subiit
500 994 623 1059 argentea
636 987 739 1060 proles,

55 1076 121 1113 auro
129 1058 250 1124 deterior,
271 1058 346 1114 fulvo
360 1060 576 1131 pretiosioraere.
816 1069 855 1110 115

56 1133 155 1204 Iupiter
164 1133 268 1204 antiqui
280 1134 410 1188 contraxit
418 1141 537 1202 tempora
546 1132 625 1194 veris¹

55 1224 156 1279 perque
165 1207 277 1269 hiemes,
288 1213 441 1275 aestusque,
451 1211 478 1257 et
487 1202 640 1272 inaequales
647 1210 800 1267 autumnos,

57 1289 83 1335 et
93 1282 175 1334 breve
184 1296 241 1342 ver,
262 1277 355 1346 spatiis
365 1277 452 1402 exepit
461 1280 576 1346 quatuor
585 1290 698 1328 annum.

56 1356 128 1408 Tum
138 1352 259 1421 primum
269 1349 346 1403 siccis
356 1350 401 1403 aiir
421 1349 647 1404 ervoribusustus

57 1425 182 1482 canduit:
203 1431 229 1478 et
241 1422 327 1479 ventis
336 1421 435 1497 glacies
445 1423 568 1480 adstricta
577 1423 711 1497 pependit.
761 1463 763 1468 ·
817 1439 855 1481 110

57 1503 127 1556 Tum
136 1499 256 1572 primurn
266 1498 371 1554 subiere
383 1498 486 1556 domos.
506 1498 812 1566 Domusantraiuerunt,

56 1584 82 1632 et
91 1575 169 1631 densi
179 1573 295 1638 frutices,
316 1580 342 1628 et
351 1574 454 1630 vinctae
463 1575 558 1631 cortice
566 1575 667 1649 virgae.

56 1649 163 1706 Semina
175 1656 232 1704 tum
240 1648 361 1721 primum
372 1647 459 1723 longis
470 1649 585 1706 Cerealia
596 1649 679 1704 sulcis

57 1725 150 1780 obruta
160 1731 233 1789 sunt,
254 1723 393 1795 pressique
403 1725 467 1798 iugo
475 1741 600 1797 gemuere
615 1723 731 1780 iuvenci.

94 1799 180 1853 Tertia
190 1796 332 1868 postillam
341 1799 469 1853 suceessit
478 1801 558 1853 aenea
568 1797 665 1870 proles,
817 1809 856 1851 125

57 1872 160 1929 saevior
169 1872 295 1945 ingeniis,
315 1878 342 1927 et
349 1872 383 1927 ad
393 1872 499 1928 horrida
509 1872 637 1944 promtior
646 1889 734 1938 arrna3

57 1964 111 2002 non
121 1946 245 2002 scelerata
257 1953 356 2002 tamen.
388 1946 503 2002 Deduro
512 1955 552 2002 est
561 1946 656 2002 ultima
665 1944 743 2001 ferro.

59 2022 183 2077 Protinus
193 2021 290 2092 irrupit
298 2038 380 2076 venae
389 2022 487 2092 peioris
497 2021 525 2077 in
535 2039 632 2076 aevum

57 2094 233 2152 omneneias:
254 2095 346 2168 fugare
355 2096 442 2167 pudor
452 2113 600 2167 verumque
610 2095 743 2166 fidesqu03

57 2170 87 2224 in
96 2186 212 2242 quorum
222 2169 327 2224 subiere
336 2169 424 2225 locum
435 2168 595 2241 fraudesque
604 2167 713 2239 dolique
818 2175 856 2218 110

57 2243 232 2316 insidiaeque,
253 2251 279 2297 et
288 2243 339 2310 vis,
360 2252 386 2298 et
394 2261 468 2299 amor
477 2243 618 2298 sceleratus
627 2239 753 2296 habendi.

57 2317 122 2374 Vela
132 2316 211 2373 dabat
219 2317 306 2373 ventis
315 2317 374 2390 (nee
386 2317 474 2372 adhue
482 2318 550 2373 bene
560 2322 667 2371 noverat
677 2313 746 2384 iilos)
830 2325 836 2333 ·

59 2391 162 2447 navita:
184 2408 307 2463 quaeque
316 2392 363 2446 diu
373 2399 497 2445 steterant
506 2392 534 2445 in
545 2389 682 2444 montibus
693 2385 763 2450 altis,

61 2465 185 2520 ductibus
195 2466 294 2538 ignotis
304 2465 466 2519 insultavere
476 2464 593 2518 carinae:

59 2556 284 2610 communemque
293 2540 381 2609 priua,
401 2532 801 2593 ceninrninassnixeenaanaa„
836 2534 885 2572 W*

61 2621 153 2668 cantas
162 2614 280 2672 humum
292 2613 377 2693 longa
387 2610 620 2692 signaviti'inixte
626 2618 759 2662 menaea·
