1874 2940
165 137 537 185 METAMORPHOSEON
556 141 627 184 LIB.
648 141 704 186 XV.
758 135 805 185 359

65 257 101 295 ex
109 237 187 310 ipsis,
207 246 232 293 et
241 239 269 293 iu
280 239 337 310 ipsa
349 239 460 294 cadunt:
481 238 648 310 resolutaque
657 241 734 295 tellus
822 249 860 296 215

66 317 96 370 in
105 312 222 385 liquidas
232 315 339 369 rarescit
348 331 445 386 aquas:
466 321 589 368 tenuatus
598 316 626 368 in
636 332 713 369 auras

67 391 182 460 aeraque
189 386 287 444 humor
297 389 360 443 abit:
374 388 573 460 demtoquoque
582 388 806 460 pondera,rursus

67 466 97 520 in
106 479 217 535 superos
226 465 270 518 adr
280 463 453 518 tenuissimus
463 463 557 518 emicat
566 463 651 536 ignes.

67 537 133 595 Inde
141 545 210 593 retro
218 537 337 602 redeunt,
358 538 482 608 idemque
491 538 616 592 retexitur
623 537 696 593 ordo.

68 612 143 688 Ignis
152 611 223 667 eninr
234 611 347 666 densum
358 612 488 683 spissatus
498 612 526 667 in
537 615 595 667 ae'ra
608 613 714 681 transit3
822 623 861 668 25⁰

67 688 114 744 hic
123 687 153 742 in
162 704 259 759 aquas:
280 684 359 742 tellus
368 686 511 761 glomerata
521 688 624 762 cogitur
636 687 718 742 unda.

68 764 124 819 Nec
133 763 233 832 species
242 779 292 817 sua
300 762 398 835 cuique
409 771 510 819 manet:
531 780 673 837 rerumque
685 760 807 818 novatrix

70 854 103 892 ex
112 834 171 891 aliis
183 835 247 890 alias
257 846 360 908 reparat
368 840 466 892 Natura
477 838 588 911 figuras.

68 912 124 967 Nec
133 910 200 983 perit
210 911 319 966 intanto
328 911 486 982 quidquam,
498 915 564 968 mihi
574 915 679 980 credite,
697 911 806 978 mundo.

70 984 219 1051 advertat,
240 984 385 1056 faciemque
398 991 489 1040 novat:
511 987 638 1058 nascique
647 997 765 1053 vocatur,
823 997 862 1043 255

71 1060 186 1133 incipere
195 1057 343 1126 essentiari,
357 1075 439 1132 quam
449 1057 579 1130 quodsuit
589 1068 661 1127 ante;
677 1063 807 1132 morique,

70 1136 189 1191 desinere
197 1133 264 1189 illud
273 1133 353 1190 idem.
382 1133 471 1201 Quum
482 1133 537 1189 sint
545 1134 599 1189 huc
607 1132 716 1188 forsitan
727 1134 781 1198 iila,

71 1211 135 1266 haec
144 1208 267 1264 translata
277 1208 350 1276 illuc,
367 1208 667 1264 summatamenomnia
677 1216 807 1263 constant.

71 1283 115 1340 Nil
125 1283 248 1357 equidem
258 1283 352 1339 durare
360 1284 407 1339 diu
418 1284 469 1339 suh
479 1283 595 1356 imagine
603 1281 693 1338 eadem

71 1358 237 1414 crediderim.
267 1359 311 1413 Sic
320 1358 354 1414 ad
363 1358 462 1415 ferrum
474 1358 581 1413 venistis
592 1358 624 1412 ab
635 1374 709 1422 auro,
823 1368 862 1412 tto

71 1433 188 1493 saecula:
209 1433 249 1488 sic
257 1434 333 1489 toties
342 1451 417 1490 versa
426 1441 466 1488 est
477 1432 581 1488 fortuna
593 1431 720 1487 locorum.

71 1508 132 1565 Vidi
144 1525 201 1582 ego,
222 1508 293 1582 quod
304 1508 389 1564 tuerat
397 1507 531 1580 quondam
542 1506 703 1563 solidissima
714 1505 800 1572 tellus,

73 1600 130 1638 essa
139 1581 251 1652 iretum;
272 1582 328 1640 vidi
338 1583 418 1638 factas
428 1600 461 1638 ex
470 1599 583 1656 aequore
594 1591 687 1638 terras:

71 1666 97 1713 et
104 1657 196 1731 procul
206 1676 221 1713 a
233 1657 326 1731 pelago
334 1659 448 1714 conchae
458 1659 560 1714 iacuere
570 1658 699 1712 marinae:

72 1741 97 1788 et
106 1741 183 1791 uetus
192 1733 299 1788 inventa
309 1733 386 1786 estin
397 1733 533 1786 montibus
543 1748 636 1786 ancora
647 1730 772 1785 summis.
824 1741 863 1785 255

72 1807 202 1880 Quodque
210 1804 261 1861 fuit
269 1822 390 1875 campus,
409 1804 784 1877 vallemdecursusaquarum

72 1882 145 1938 fecit:
166 1889 191 1937 et
201 1879 372 1937 eluviemons
382 1878 557 1936 estdeductus
570 1879 720 1954 inacquor:

72 1975 139 2030 equa
148 1956 275 2030 paludosa
285 1956 362 2012 siccis
372 1956 472 2012 humus
481 1961 536 2010 aret
545 1957 646 2014 arenis:

72 2049 194 2104 quaeque
203 2033 275 2089 sitim
283 2032 530 2108 tulerant‚stagnata
540 2032 809 2106 paludibushument.

71 2103 120 2155 Hic
128 2102 214 2161 fontes
223 2109 321 2164 Natura
331 2127 414 2166 novos
424 2108 521 2173 emisit,
542 2117 569 2164 at
578 2110 633 2165 illic
825 2117 864 2160 270

72 2175 180 2236 clausit:
200 2186 226 2232 et
234 2181 352 2252 antiquis
361 2191 415 2239 tam
428 2183 512 2238 multa
524 2185 682 2239 tremoribus
691 2183 762 2237 orbis

73 2248 350 2322 fluminaprosiliunt‚
371 2257 700 2312 nutexcaeoataresidunt.

73 2323 173 2381 Sicubi
183 2326 382 2399 terrenoLycus
391 2336 431 2383 est
439 2339 531 2403 epotus
543 2331 627 2396 hiatu,

74 2400 176 2456 exsistit
183 2397 275 2473 procul
284 2399 356 2465 hinc,
376 2401 633 2474 alioquerenascitur
643 2419 696 2458 ore.
797 2447 803 2459 .

74 2477 117 2532 Sic
126 2474 203 2533 modo
213 2473 383 2541 combibitur,
403 2483 469 2534 tecto
478 2479 556 2535 modo
568 2478 673 2552 gurgite
684 2475 785 2549 lapsus.
825 2487 864 2530 275

74 2552 191 2608 redditur
199 2548 328 2624 Argolicis
338 2548 568 2623 ingensErasinus
578 2553 606 2608 in
615 2552 700 2608 arvis:

74 2636 99 2684 et
107 2630 214 2704 Mysum
224 2624 371 2700 capitisque
380 2626 423 2681 sui
433 2627 667 2702 ripaequeqrioris
