1874 2940
127 114 176 169 att
308 119 336 164 e.
357 114 668 164 ov1n11uasou1s

126 222 194 276 inter
203 217 401 292 Hamadryadas
410 215 492 273 coluit
503 215 636 271 sollertius
646 215 752 286 hortos,

72 308 111 353 606
126 312 173 349 nec
184 294 235 348 luit
244 294 345 348 arborei
356 293 499 347 studiosior
508 291 588 345 altera
599 289 700 346 laetus:

126 368 198 426 unde
208 377 278 424 tenet
287 385 394 422 nomen.
425 368 482 420 Non
493 366 575 419 silvas
586 364 640 429 illa,
662 383 712 421 nee
720 385 836 441 amnes;

125 460 173 498 rus
183 451 264 509 amat,
284 451 309 497 et
319 459 406 496 ramos
416 439 499 495 lelicia
511 457 588 511 poma
599 437 723 496 serentes.

126 519 180 574 Nec
190 517 275 573 iaculo
284 517 375 590 gravis
385 524 433 579 est,
455 514 501 568 sed
513 514 615 568 adunca
624 512 732 570 dextera
745 516 830 577 lalee:

126 592 269 664 quamodo
281 590 413 645 luxuriem
425 590 520 660 premit
529 597 554 642 et
566 587 706 660 spatiantia
718 597 826 660 passim

72 679 112 723 600
127 667 234 722 brachia
244 665 401 736 oompescit:
423 664 484 716 lissa
496 663 574 718 modo
584 663 678 718 cortine
689 661 799 738 lignum

126 741 229 803 inserit,
249 749 275 793 et
287 754 379 792 suecos
389 735 475 790 alieno
485 745 599 806 praestat
609 735 729 793 alumno.

126 816 181 871 Nee
189 813 287 868 sentire
296 811 368 864 sitim
380 810 492 880 patitur:
514 810 815 882 bibulaequereeurvss

127 887 224 943 radicis
236 886 315 940 fibras
329 883 480 940 labentibus
493 885 585 959 irrigat
598 885 689 941 undis.

127 962 176 1018 llis
186 978 270 1027 amor,
290 960 340 1015 hoc
349 959 480 1016 studium.
505 961 615 1017 Veneris
624 977 733 1032 quoque
743 962 821 1020 nulla
830 982 879 1022 eu·

627 1034 670 1089 ido
679 1042 728 1088 est.

73 1123 112 1167 606
125 1110 188 1168 vim
200 1117 287 1167 tamen
297 1117 431 1186 agrestum
443 1116 579 1172 metuens,
599 1051 717 1179 plumaria
727 1107 833 1169 claudit

127 1186 215 1243 intus:
236 1195 262 1241 et
271 1203 392 1242 assessus
402 1185 524 1256 prohibet
534 1180 685 1255 refugitque
694 1182 799 1241 viriles.

127 1261 199 1329 Ouid
209 1279 262 1317 non
273 1273 298 1316 et
307 1261 410 1335 Satyri,
430 1257 570 1313 saltatibus
580 1266 639 1329 apta
651 1258 789 1326 iuventus,

127 1334 219 1402 iecere,
241 1345 266 1391 et
276 1337 342 1406 pinu
353 1333 494 1406 praecincti
503 1350 602 1388 cornua
614 1333 707 1396 Panes,

127 1409 317 1481 Silvanusque,
337 1409 394 1465 suis
404 1425 509 1479 semper
519 1407 661 1461 iuvenilior
673 1405 762 1472 annis,

73 1491 113 1538 tto
127 1484 230 1557 quique
240 1484 306 1539 deus
317 1482 388 1538 iures
400 1483 443 1537 vel
455 1482 518 1537 lalca
529 1481 569 1539 vel
581 1482 692 1554 inguine
703 1488 790 1547 terret,

127 1566 158 1614 ut
169 1556 378 1629 poterenturea‘l
406 1556 457 1610 Sed
466 1558 538 1611 enim
548 1556 690 1627 superabat
698 1556 815 1613 amando

127 1634 177 1689 hos
189 1649 297 1706 quoque
311 1632 488 1689 Vertumnus:
509 1647 597 1703 neque
606 1638 661 1684 erat
670 1629 770 1685 felicior
780 1631 847 1691 illis.

128 1707 265 1781 Oqueties
275 1709 368 1765 habitu
378 1707 440 1763 duri
452 1706 578 1762 messoris
588 1705 682 1759 aristas

128 1783 206 1837 corbe
218 1784 292 1852 tulit;
314 1784 424 1856 verique
435 1781 485 1837 luit
495 1780 621 1837 messoris
632 1778 734 1854 imago!

75 1861 114 1909 616
128 1856 257 1925 Tempora
266 1875 344 1929 saepe
353 1876 448 1932 gerens
459 1857 535 1914 foeno
544 1855 652 1929 religata
662 1852 769 1920 repenti,

128 1929 262 1982 desectum
275 1940 376 2000 poterat
383 1949 494 2003 gramen
504 1948 624 1984 versasse
635 1929 733 1985 videri:

128 2017 207 2073 saepe
219 2018 301 2056 manu
315 2002 437 2057 stimulos
448 2003 533 2074 rigida
543 2004 672 2073 portabat,
693 2009 723 2058 ut
733 2001 812 2059 illum

129 2078 246 2132 iurasses
257 2074 341 2131 fessos
351 2075 430 2130 mode
439 2074 604 2132 disiunxisse
613 2080 750 2134 iuvencos.

128 2152 206 2208 Falce
215 2152 274 2208 data
285 2148 419 2207 frondator
427 2157 492 2215 erat,
511 2151 628 2225 vitisque
637 2161 753 2224 putator.

75 2236 114 2281 660
127 2228 253 2284 Induerat
262 2225 357 2293 scalas,
378 2225 509 2280 lecturum
519 2243 598 2298 poma
608 2237 725 2299 putares.

128 2303 205 2359 Miles
214 2312 269 2360 erat
279 2303 378 2378 gladio¹
399 2300 514 2374 piscator
522 2303 654 2357 arundine
663 2310 761 2368 sumta,

73 2413 77 2420 -
129 2376 245 2450 denique
252 2397 300 2451 per
310 2377 408 2433 multas
418 2375 519 2431 aditum
530 2378 582 2432 sibi
592 2394 670 2449 saepe
682 2377 782 2450 figuras

129 2453 234 2520 reperit,
254 2461 285 2509 ut
293 2458 397 2526 caperet
407 2458 536 2522 spectatae
547 2452 646 2526 gaudia
659 2449 769 2507 formae.

129 2522 176 2578 Ille
185 2525 263 2580 etiam
274 2529 343 2598 picta
353 2526 494 2583 redimitus
505 2534 622 2598 tempora
635 2526 725 2593 mitra,

65 2609 112 2652 655
120 2598 245 2657 innitens
251 2600 363 2673 baculo,
383 2601 482 2680 positis
494 2619 541 2679 per
551 2611 674 2677 tempusa
681 2601 769 2664 00016,
