1874 2940
162 270 544 320 METAMORPHOSEON
560 274 630 319 LIB.
644 272 713 319 xlv.
758 265 807 318 3l5

66 369 339 434 assimulavitauum,
359 369 497 441 cultosque
506 371 615 424 intravit
624 370 652 424 in
661 371 767 440 hortos3

65 462 198 518 pomaque
210 445 302 498 mirata
312 452 364 498 est:
386 445 523 516 Tantaque
532 443 668 514 potentior,
689 445 787 516 inquit,

67 519 205 648 homnibus
215 536 243 572 es
254 517 396 591 nymphis,
416 535 485 589 quas
495 517 610 572 continet
619 516 716 572 Albula
726 521 802 590 ripis.

87 593 145 648 alve
153 592 266 666 virginei
279 591 326 646 llos
336 593 488 646 intemerate
497 590 606 662 pudoris
614 587 632 663 l]

67 684 206 740 paucaque
216 666 335 721 laudatae
346 666 417 720 dedit
426 665 530 729 666616,
550 663 800 737 qualianumquam

68 759 129 797 vera
138 740 254 795 dedisset
263 758 346 795 auus:
366 739 498 813 glebaque
508 740 617 793 incurva
628 738 733 804 resedit,

69 815 219 886 suspiciens
228 815 330 888 pandos
340 816 462 870 autumni
474 813 588 888 pondere
600 829 698 866 ramos.
826 825 864 869 666

68 889 165 945 Ulmus
173 898 228 945 erat
237 898 326 947 666666
336 892 455 963 speciosa
466 889 628 945 tumentibus
638 886 715 942 uvis:

69 981 152 1035 quam
162 966 233 1020 socia
241 974 383 1038 postquam
394 967 491 1036 pariter
499 983 562 1020 oum
573 965 626 1020 vite
633 961 765 1034 probavit,

69 1038 105 1092 At
113 1039 136 1091 si
147 1047 236 1102 staret,
258 1041 303 1102 ait,
324 1038 427 1091 caelebs
438 1042 496 1092 sine
507 1040 614 1109 palmite
624 1047 743 1101 truncus,

71 1111 109 1165 nil
119 1118 220 1180 praeter
229 1109 346 1173 frondes,
367 1127 449 1178 quare
459 1120 598 1180 peteretur,
619 1112 734 1165 baberet.

69 1186 263 1253 Haecquoque,
284 1199 353 1253 quae
363 1183 452 1236 iuncta
463 1185 525 1237 vitis
535 1185 675 1254 requiescit
684 1184 712 1238 in
723 1183 806 1251 ulmo,
828 1196 866 1240 666

70 1259 93 1313 si
104 1276 157 1313 non
168 1264 250 1328 nupta
260 1254 337 1322 16666,
358 1263 442 1310 terrae
450 1257 575 1312 acclinata
588 1258 689 1311 iaceret.

71 1335 111 1387 Tu
122 1341 209 1387 666666
218 1329 338 1401 exemplo
345 1348 401 1385 666
413 1333 528 1405 tangeris
537 1333 638 1387 arboris
648 1332 744 1400 huius3

70 1407 280 1477 eoncubitusque
290 1403 317 1458 16
340 1406 373 1471 ’6,
395 1406 744 1479 neoteconiungerecuras.

71 1480 158 1553 Atque
167 1481 270 1535 utinam
279 1423 374 1534 66111661
404 1480 501 1536 Helene
511 1500 564 1536 non
575 1481 697 1552 pluribus
707 1488 776 1536 esset

71 1555 209 1610 sollicitata
220 1554 321 1624 procis:
343 1571 391 1608 nee
400 1572 469 1626 quae
478 1555 614 1626 Lapitheia
625 1555 708 1609 movit
829 1567 867 1611 tto

71 1628 179 1700 proelia,
200 1644 249 1682 neo
258 1629 355 1684 ooniux
366 1629 468 1684 timidis
477 1630 584 1684 audacis
598 1629 694 1684 Ulixei.

71 1706 149 1758 Nunc
158 1720 280 1774 quoque,
301 1721 387 1775 quum
398 1703 485 1777 fugias
496 1705 678 1774 averserisque
685 1709 812 1775 petentes,

72 1777 145 1832 mille
155 1777 206 1831 viri
216 1778 329 1848 cupiunt
338 1788 362 1833 te
373 1788 399 1834 et
409 1778 572 1850 semideique
584 1778 689 1848 deique,

72 1859 97 1906 et
106 1868 282 1923 quaecunque
291 1861 380 1907 tenent
389 1853 506 1906 Albanos
517 1852 628 1906 numina
638 1858 750 1906 montes.

72 1925 176 1990 Sedtu,
198 1926 614 1999 61666166,6166166661663666,
636 1943 773 1999 anumque
830 1938 869 1982 666

71 1998 140 2054 16666
150 2000 242 2055 audire
251 1999 333 2066 voles,
353 2017 422 2072 quae
432 2009 457 2054 te
466 1999 527 2070 plus
536 2002 663 2056 omnibus
673 2001 737 2068 illis,

71 2073 133 2146 plus
143 2093 225 2146 quam
235 2076 334 2141 credis,
355 2092 429 2138 amo,
450 2074 574 2148 vulgares
585 2077 663 2131 reiice
671 2077 774 2133 taedas:

72 2149 302 2222 Vertumnumque
311 2150 359 2205 tori
369 2150 471 2204 socium
483 2151 529 2204 tibi
540 2151 635 2226 dilige:
656 2170 769 2224 proquo

72 2240 115 2276 me
124 2241 232 2296 quoque
245 2226 344 2299 pignus
358 2223 436 2279 habe.
466 2226 559 2299 Neque
576 2229 649 2282 enim
663 2226 716 2280 sibi
731 2227 815 2281 notior

601 2301 702 2363 illeest¹

72 2387 153 2441 quam
164 2370 246 2426 mibi:
269 2389 316 2426 neo
325 2379 378 2428 6666
388 2374 489 2444 passim
500 2393 585 2448 vagus
594 2383 662 2430 errat
674 2373 701 2425 in
712 2373 789 2427 orbe:
831 2384 869 2427 666

72 2444 136 2497 16666
147 2443 202 2499 loca
213 2445 268 2500 sola
278 2446 352 2501 colit:
367 2466 423 2514 neo,
435 2450 474 2503 uti
485 2468 546 2521 pars
557 2465 652 2522 magua
662 2463 813 2517 procorum,

72 2535 154 2590 quam
165 2518 243 2575 modo
252 2521 328 2586 vidit,
343 2531 423 2576 amat.
454 2525 493 2579 Tu
504 2525 608 2595 primus
620 2531 645 2575 et
654 2519 766 2575 ultimus
776 2521 815 2576 illi

73 2592 225 2662 ardoreris3
247 2594 351 2666 solique
361 2615 424 2652 6666
435 2598 482 2651 tibi
492 2600 602 2653 devovet
612 2613 705 2650 annos.

72 2665 155 2732 Adde,
176 2669 249 2738 quod
259 2672 424 2740 estiuvenis,
445 2673 517 2744 quod
529 2669 647 2726 naturale
657 2669 758 2725 deeoris

73 2757 173 2798 munus
184 2742 279 2802 babet:
300 2745 452 2821 formasque
463 2756 523 2821 apte
532 2747 646 2821 fingetur
655 2746 811 2799 16666666,
835 2757 883 2792 sss
