1874 2940
119 108 168 162 362
310 111 337 157 P.
358 109 486 159 ovmu
504 106 673 155 NASONIS

119 216 186 268 Nam
196 212 253 268 sive
262 219 302 267 est
310 210 409 267 animal
418 209 518 275 Tellus,
538 207 656 274 etvivit,
675 206 696 264 b

119 290 288 360 spiramenta,
309 287 373 342 locis
383 285 517 341 flammam
527 280 679 338 exhalantia
691 284 800 353 multra,

119 363 237 436 spirandi
249 369 351 417 mutare
360 362 428 426 vias,
448 360 605 432 quotiesque
612 366 752 428 movetur,

68 446 106 496 tlt
120 438 168 494 hes
179 439 254 495 finire
263 444 356 508 potest,
378 435 436 489 illes
447 435 547 506 operire
555 449 699 488 cavernas:

120 515 177 568 sivo
187 511 258 567 leves
269 511 331 565 imis
341 511 412 566 venti
422 510 578 565 cohibentur
587 508 615 561 in
626 508 727 573 antris,

121 604 239 659 saxaque
248 603 312 640 cum
321 585 405 650 saxis,
426 592 451 639 et
460 585 599 640 habentem
610 582 715 638 semina
727 582 852 643 flammae

121 660 373 724 materiamiactant,
394 658 547 727 seconcipit
557 655 653 710 ictibus
662 656 778 742 ignem,-

122 747 196 792 antra
207 735 390 804 relinquentur
402 731 498 784 sedatis
512 729 607 802 frigide
616 738 720 787 ventas:

69 822 108 865 tot
123 812 180 864 sive
189 808 350 863 bitumineae
360 804 467 873 rapiunt
477 803 598 858 incendia
609 804 690 870 vires,

125 884 226 938 luteave
235 878 340 951 exiguis
350 877 491 933 ardescunt
498 877 601 934 sulfura
612 877 710 948 lumis;

124 973 218 1027 nempe
223 954 270 1010 ubi
281 963 346 1008 terra
356 953 430 1010 cibos
439 953 616 1026 alimentaque
626 954 741 1026 pinguia
746 955 874 1016 flammae

124 1050 177 1087 non
187 1030 268 1097 dabit,
289 1030 420 1086 absumtis
429 1048 476 1102 per
486 1029 529 1084 lon
568 1027 712 1083 mviribns
722 1047 826 1090 aevum

125 1115 376 1179 naturaequesuum
387 1107 520 1161 nutrimen
548 1102 707 1172 eeritsdaci3

71 1192 110 1236 tte
126 1201 178 1238 non
191 1182 253 1238 leret
265 1181 308 1238 illa
318 1181 424 1246 lumem,
445 1180 599 1251 desertaque
607 1178 708 1233 deseret
718 1179 811 1253 ignee,

125 1258 191 1312 Esse
201 1259 271 1314 viros
282 1256 351 1311 lame
361 1264 401 1310 est
410 1255 438 1311 in
448 1255 615 1329 Hyperborea
625 1251 740 1320 Pallene,

126 1334 174 1404 qui
184 1332 285 1388 soleant
295 1331 397 1386 levibus
407 1329 489 1385 velari
499 1347 607 1401 corpora
617 1328 728 1400 plumis,

126 1425 212 1478 quum
222 1407 397 1461 Tritoniacam
408 1406 499 1460 novies
509 1404 615 1460 subiere
624 1402 760 1476 paludem.

126 1483 203 1537 Haud
224 1480 348 1553 equidem
369 1479 460 1547 oredo¹
490 1496 597 1553 sparsae
619 1494 726 1551 quoque
747 1482 875 1538 membra

604 1570 713 1609 venenis

73 1641 112 1687 tto
127 1647 245 1686 exercerc
255 1637 324 1687 artes
336 1629 473 1706 Scythides
483 1636 662 1684 memorantur
671 1626 787 1684 easdem.

128 1706 218 1781 Siqua
230 1706 295 1762 fides
304 1706 384 1763 rebus
394 1713 482 1761 tamen
492 1712 531 1761 est
543 1703 662 1760 addenda
671 1702 798 1775 probatis,

128 1782 309 1848 nonnevides‚
329 1799 505 1856 quaecunque
515 1798 588 1837 mora
597 1777 731 1852 lluidoque
741 1779 828 1835 calore

127 1871 234 1925 corpore
244 1858 390 1925 tabuerint,
409 1859 439 1914 in
448 1875 530 1930 parva
539 1855 663 1912 animalia
672 1852 758 1910 verti?

128 1929 265 1999 lqu0que‚
284 1930 397 1988 delectos
407 1940 532 1987 mactatos
542 1931 624 1985 obrue
633 1935 736 1995 tauros;

74 2014 113 2058 att
127 2001 240 2075 (cognita
250 2017 292 2054 res
300 2003 374 2074 usu.)
382 2005 416 2058 de
427 2004 499 2074 putri
510 2003 610 2056 viscere
618 2001 719 2069 passim

128 2075 259 2151 florilegae
268 2083 414 2129 nascuntur
423 2092 495 2146 apes,
515 2085 815 2146 quaemoreparentum

129 2171 192 2209 rura
201 2149 300 2218 colunt,
312 2150 438 2222 operique
447 2148 544 2214 lavent,
562 2148 591 2203 in
600 2165 729 2223 spemque
739 2150 871 2211 laborant.

128 2230 240 2286 Pressus
249 2228 332 2284 humo
341 2225 449 2282 bellator
459 2241 546 2297 equus
555 2225 690 2281 crabronis
699 2227 772 2301 origo
782 2234 832 2283 est.

129 2303 250 2360 Concava
262 2304 362 2360 littoreo
372 2303 396 2358 si
405 2300 497 2356 demas
506 2300 614 2356 brachia
622 2319 725 2368 cancro,

75 2383 115 2427 tto
129 2386 229 2434 caetera
239 2397 374 2452 supponas
384 2385 480 2433 terrae:
501 2376 534 2431 de
543 2384 616 2449 parte
626 2376 728 2448 sepulta

130 2453 251 2522 scorpius
261 2454 357 2520 exibit,
377 2450 515 2522 caudaque
524 2452 671 2508 minabitur
679 2469 757 2506 unca.

130 2524 258 2597 Quaeque
268 2528 353 2585 solent
361 2528 435 2585 canis
445 2524 551 2582 frondes
560 2526 676 2583 intexere
685 2526 738 2581 filis

130 2607 247 2675 agrestes
257 2602 351 2670 tineae,
371 2601 569 2678 (resobservata
578 2601 699 2676 colonis.)
