1874 2940
158 108 535 154 METAMORPHOSEON
552 111 620 155 LIB.
640 111 706 156 XIV.
751 108 805 164 ,335

62 208 159 263 dieitur
169 209 277 279 ancipiti
285 207 418 278 peperisse
427 206 530 263 Venilia
539 209 611 263 lano.

62 284 144 348 Haeo,
164 283 211 337 ubi
223 282 360 337 nubilibus
369 282 489 354 primum
499 282 626 336 maturuit
636 285 723 347 aunis,
820 297 858 340 335

62 356 210 428 praeposito
220 356 323 412 eunctis
332 357 457 411 Laurenti
467 353 560 411 tradita
570 357 631 411 Pioo
640 365 693 411 est:

63 449 121 486 rara
132 430 242 502 quidem
254 429 334 497 faeie,
354 430 401 486 sed
411 431 494 487 rarior
503 437 557 486 arte
565 430 691 485 cauendi:

63 505 328 562 undaCauensdiota
337 512 386 561 est.
416 504 611 561 Silvaeoteaxa
621 522 735 572 movere,

63 587 88 635 et
98 579 214 636 mulcere
223 579 302 647 ieras,
321 588 347 636 et
356 578 468 636 flumina
478 579 557 654 longa
566 580 662 636 morari

62 672 106 711 ore
115 672 178 722 suo,
201 654 375 728 volucresque
385 673 466 785 vaqas
476 657 586 712 retinere
595 654 704 711 solebat.
819 665 857 711 ato

62 729 135 796 Quae
145 730 211 786 dum
221 729 333 787 leminea
344 730 423 786 modu
436 738 496 787 atur
505 731 621 787 earmina
630 748 702 796 voce,

62 806 161 861 exierat
169 814 235 862 teoto
243 808 388 862 Laurentes
397 807 478 862 Picus
487 807 515 863 iu
526 824 613 880 agros,

63 879 203 952 indigenas
211 881 315 935 fixurus
324 897 416 950 apros:
438 887 596 952 tergumque
604 882 741 953 premebat

63 953 131 1006 acris
141 953 217 1023 equi,
239 952 366 1023 laevaque
375 952 481 1007 hastilia
493 953 557 1008 bina
568 956 684 1027 gerebat,
793 1017 795 1021 ,

62 1025 202 1096 punioeam
211 1024 286 1080 fulvo
294 1024 462 1098 chlamydem
472 1042 645 1096 comprensus
655 1030 689 1083 ab
699 1047 773 1094 auro.
817 1038 856 1084 355

62 1101 174 1156 Venerat
184 1100 212 1154 iu
220 1098 303 1155 silvas
314 1107 340 1154 et
350 1098 405 1153 filia
415 1098 483 1155 Solis
494 1099 613 1156 easdem:

63 1181 146 1246 utque
158 1190 240 1228 novas
251 1172 346 1247 legeret
355 1172 475 1229 fecundis
484 1173 597 1229 oollibus
607 1174 712 1240 herbas,

63 1249 169 1306 nomine
179 1247 316 1313 dictasuo‚
337 1247 443 1305 Circaea
453 1247 594 1320 reliquerat
606 1266 678 1304 arva.

62 1324 135 1391 Quae
144 1321 226 1377 simul
238 1340 269 1378 ao
278 1323 416 1388 iuvenem,
436 1322 560 1397 virgultis
569 1323 667 1389 abdita,
688 1324 767 1392 vidit;

61 1396 212 1468 obstupuit:
232 1397 449 1464 oecideremanu,
470 1415 538 1470 ques
549 1396 646 1472 legerat
655 1398 764 1454 herbas:
817 1411 855 1455 353

62 1473 221 1544 flammaque
228 1490 276 1545 per
285 1479 351 1528 totas
360 1473 419 1528 visa
427 1480 468 1528 est
476 1491 562 1528 errare
572 1472 712 1529 medullas.

63 1550 95 1605 Ut
104 1548 222 1620 primum
232 1546 321 1604 valido
329 1555 445 1603 mentem
455 1548 701 1622 collegitabaestu;

62 1623 127 1696 quid
137 1629 253 1694 cuperet,
273 1621 376 1678 fassura
388 1621 448 1678 luit.
478 1624 517 1679 Ne
526 1630 614 1694 posset
623 1622 704 1688 adire,

62 1715 158 1753 cursus
168 1697 231 1771 equi
240 1696 315 1762 leoit,
336 1697 569 1769 circumfususque
578 1697 690 1763 satelles.

61 1774 120 1829 Nou
131 1780 219 1828 tamen
229 1771 348 1845 effugies,
368 1779 447 1827 vento
456 1773 558 1843 rapiare
568 1771 665 1838 licebit,
818 1785 856 1829 355

61 1847 173 1906 simodo
180 1847 310 1917 menovi;
331 1844 355 1901 si
365 1864 419 1902 nou
429 1846 537 1902 evanuit
545 1846 633 1902 omnis

60 1924 203 1980 herbarum
213 1923 310 1989 virtus,
331 1938 379 1978 neo
391 1939 434 1977 me
443 1939 501 1978 mea
510 1924 628 1979 earmina
638 1920 743 1980 fallunt.

60 2000 145 2056 Dixit:
166 2007 191 2056 et
199 1998 324 2076 effigiem,
343 1997 418 2055 nullo
427 2015 489 2054 oum
498 2015 615 2073 eorpore,
633 1997 693 2054 lalsi

61 2074 139 2128 finxit
147 2076 220 2146 apri:
240 2082 396 2147 praeterque
404 2072 494 2131 oeulos
502 2084 680 2130 transcurrere
689 2073 759 2146 regis

60 2147 148 2210 iussit,
171 2147 356 2204 etindensum
368 2149 488 2205 trabibus
498 2167 594 2205 nemus
603 2150 641 2202 ire
651 2147 748 2215 videri,
816 2158 855 2201 333

61 2218 239 2292 plurimaque
248 2221 317 2276 silva
326 2228 375 2287 est,
386 2230 412 2277 et
420 2241 490 2294 equo
499 2223 554 2278 loca
564 2221 654 2293 pervia
664 2237 717 2275 non
726 2227 799 2274 suut.

60 2292 137 2348 Haud
142 2309 225 2348 mora:
237 2295 363 2350 eontiuuo
371 2297 483 2367 praedae
491 2298 556 2367 petit
566 2295 666 2349 inscius
676 2293 800 2348 umbram

61 2368 153 2434 Picus3
174 2367 291 2439 equique
302 2367 370 2422 oeler
379 2370 529 2440 spumantia
540 2376 611 2441 terga
620 2366 741 2438 reliquit:

61 2458 189 2513 spemque
200 2458 315 2513 sequens
325 2458 436 2507 vanam,
454 2443 522 2498 silva
530 2442 610 2514 pedes
619 2448 688 2495 errat
698 2441 727 2497 in
736 2438 798 2496 alta.

61 2517 182 2588 Concipit
191 2515 236 2571 illa
245 2532 349 2587 preoes3
369 2524 395 2571 et
403 2517 483 2571 verba
492 2516 606 2572 venefica
617 2515 694 2571 dicit:
815 2525 854 2569 355

61 2593 219 2669 ignotosque
227 2590 289 2650 deos
298 2591 389 2669 ignoto
397 2590 629 2655 carmiueadorat„
