1874 2940
167 149 541 197 METAMORPHOSEON
561 153 632 199 LIB.
645 154 688 204 IV.
766 151 798 203 85

56 249 101 304 Nil
111 249 156 306 illo
166 249 249 305 lertur
258 249 396 306 volucrum
408 251 554 307 moderator
562 270 691 324 equorum
813 268 852 312 245

56 333 117 397 post
125 326 315 381 Phaethonteos
325 325 424 380 vidisse
436 325 568 382 dolentius
579 328 663 402 ignes.

57 400 103 455 llle
112 400 222 472 quidem
231 400 332 474 gelidos
342 400 475 455 radiorum
486 401 589 456 viribus
599 411 682 460 artus.

57 477 80 528 si
91 482 180 546 queat,
201 476 229 530 in
237 476 328 530 vivum
340 484 420 530 tentat
430 493 550 532 revocare
559 476 687 546 calorem3

57 550 113 614 sed,
135 551 261 620 quoniam
272 551 350 604 tantis
360 549 443 604 latum
453 552 591 606 conatibus
602 553 697 618 obstat,

58 632 160 679 nectare
169 625 274 681 odoratu
283 625 381 696 sparsit
389 643 539 698 corpusque
549 626 703 699 locumque:
813 641 851 684 250

57 698 796 774 multaquepraequestus,Tangestamenaethera,dixit.

56 775 181 830 Protinus
191 775 326 830 imbutum
336 774 440 831 coelesti
451 784 554 831 nectare
563 793 660 848 eorpus

56 849 174 915 delicuit,
195 857 344 921 terramque
354 868 404 907 suc
413 849 550 906 madefecit
562 851 654 908 odere:

56 925 184 997 virgaque
193 942 240 996 per
249 924 341 998 glebas
353 925 453 979 sensim
464 925 597 981 radicibus
610 928 675 983 actis

56 1009 130 1054 turea
140 1000 268 1064 surrexit,
289 999 480 1070 tumulumque
489 1001 626 1057 cacumine
634 1002 716 1073 rupit.
813 1013 851 1056 255

95 1072 129 1126 At
139 1072 252 1144 Clytien,
273 1074 397 1143 quamvis
407 1091 481 1128 amor
490 1091 615 1129 excusare
626 1076 752 1140 dolorem,

58 1146 242 1216 indiciumque
252 1146 326 1200 dnlcr
336 1155 443 1216 poterat,
465 1165 519 1200 non
529 1147 645 1217 amplius
655 1156 745 1204 auctor

59 1219 127 1272 lucis
137 1219 204 1273 adit:
225 1220 388 1290 Venerisque
398 1219 509 1273 mudum
519 1220 571 1274 sibi
583 1219 642 1274 lecit
651 1222 679 1276 in
690 1222 745 1276 illa.

59 1293 157 1348 Tabuit
166 1310 199 1346 ex
208 1292 255 1347 ille
264 1293 398 1346 dementer
407 1293 543 1347 amoribus
553 1310 611 1358 usa,

59 1367 241 1441 nympharum
251 1367 406 1437 impatiens;
427 1375 452 1420 et
464 1367 516 1423 sub
529 1369 672 1424 lovennam
680 1367 777 1442 dieque
814 1381 852 1426 26⁰

58 1442 128 1496 sedit
137 1442 220 1496 humo
231 1440 312 1506 nude,
334 1441 414 1496 nudis
427 1442 541 1498 incomta
551 1443 669 1514 capillis:

56 1534 159 1590 perque
171 1533 266 1572 novem
278 1515 349 1571 luces
358 1533 452 1587 expers
464 1517 603 1591 undaeque
612 1519 718 1593 cibique

57 1609 198 1648 rotemero
211 1591 380 1664 lacrimisque
392 1592 449 1647 suis
460 1593 558 1649 ieiunia
568 1594 655 1666 pavit:

56 1667 336 1723 necsemovithumo.
369 1668 483 1723 Tantum
494 1669 626 1740 spectabat
635 1673 722 1726 euntis

56 1743 163 1810 oradei,
184 1741 329 1814 vultusque
338 1760 401 1799 suns
411 1742 528 1798 flectebat
537 1744 571 1798 ad
580 1743 668 1800 illum.
812 1758 850 1801 265

56 1818 176 1872 Membra
186 1815 273 1873 lerunt
285 1817 403 1872 haesisse
413 1817 483 1873 solo:
504 1817 762 1890 partemquecoloris

56 1891 161 1947 luridus
170 1909 317 1966 exsangues
327 1892 411 1965 pallor
420 1893 547 1948 convertit
556 1894 585 1948 in
595 1893 703 1952 herhas:

58 1973 99 2018 est
113 1966 223 2039 inparte
232 1968 327 2023 rubor:
348 1966 485 2039 violaeque
494 1967 649 2024 simillimus
658 1986 704 2024 ora

56 2040 104 2097 flos
114 2043 186 2116 tegit.
216 2042 263 2097 Illa
273 2060 364 2108 suum,
385 2042 727 2114 quamvisradicetenetur,

56 2117 168 2171 vertitur
177 2117 211 2172 ad
220 2117 320 2172 Solem:
342 2124 496 2189 mutataque
505 2126 593 2172 servat
602 2136 729 2175 amorem.
811 2128 849 2171 270

93 2192 212 2247 Dixerat:
232 2200 258 2246 et
267 2191 366 2247 lactum
376 2192 497 2246 mirabile
506 2200 609 2263 ceperat
619 2210 705 2247 aures.

55 2266 119 2320 Pers
130 2267 185 2321 fieri
194 2267 312 2338 potuisse
324 2274 433 2340 negant3
454 2283 516 2337 pars
526 2268 615 2321 omnia
625 2283 701 2321 veros

55 2358 133 2412 posse
144 2341 370 2397 deusmemorant.
396 2340 448 2395 Sed
458 2359 510 2397 non
520 2349 545 2395 et
554 2341 672 2395 Bacchus
682 2340 711 2394 in
721 2337 785 2393 illis.

55 2415 312 2480 Posciturdlcithoii,
333 2422 473 2484 postquam
486 2414 582 2468 siluere
590 2430 702 2468 sorores.

55 2490 129 2556 Quae
139 2489 212 2544 radio
221 2489 315 2542 stantis
325 2506 481 2559 percurrens
491 2489 604 2542 stamine
615 2486 689 2550 telae,
812 2498 850 2540 275

55 2565 183 2636 Vulgatos
197 2571 277 2627 taceo,
298 2562 374 2626 dixit,
395 2563 507 2632 pastoris
517 2578 619 2615 amores

50 2636 293 2707 uapnnidisldaei,
314 2653 396 2709 quem
406 2632 708 2713 Nympliepellacis'na
