1874 2940
165 141 539 188 METAMORPHOSEON
557 143 628 188 LIB.
643 145 685 191 111.
762 142 794 195 65

54 245 177 315 Namque
186 248 225 296 ter
237 240 269 296 ad
279 241 376 313 quinos
385 258 470 295 unum
481 240 623 314 Cephisius
632 261 715 300 annos

56 318 205 372 addiderat:
227 324 379 388 poteratque
388 333 454 387 puer
465 317 623 388 iuvenisque
636 319 731 376 videri.

56 392 132 448 Multi
144 391 219 446 illurn
233 392 350 455 iuvenes,
372 390 470 446 multoe
479 393 585 463 cupiere
595 393 706 463 puellae.

56 467 107 523 Sed
118 466 168 521 l'uit
178 466 206 520 iu
216 474 303 521 tenera
315 475 366 520 tarn
377 466 444 520 dura
453 468 577 538 superbia
587 467 684 536 lorme;

57 541 125 598 nulli
137 540 212 596 illurn
223 541 342 605 iuvenes,
364 540 452 596 nullae
463 543 568 615 tetigere
580 541 692 613 puellae.
811 557 850 602 355

93 615 213 687 Adspicit
223 616 304 680 hunc,
318 615 431 686 trepidos
440 618 581 689 agitantem
594 617 619 671 in
632 618 694 672 retia
704 635 805 687 cervos,

56 690 156 748 vocalis
166 691 306 765 Nympho,
328 708 396 761 quae
408 709 454 746 nec
464 692 569 746 reticere
583 690 711 763 loquenti,

57 784 105 822 neo
115 766 252 838 prioripsa
263 765 441 836 loquididicit‚
463 766 618 822 resonabilis
628 767 710 824 Echo.

57 842 159 913 Corpus
170 841 257 897 adhuc
268 841 350 903 Echo.
371 859 424 897 non
436 859 488 896 vox
497 852 566 897 erat:
587 850 709 898 ettamen
720 861 800 900 usum

56 916 163 990 garrula
176 934 229 971 non
240 915 332 980 aliurn,
344 933 425 988 quarn
437 934 509 971 nunc
519 917 605 981 lubet,
616 917 669 972 oris
679 918 801 986 hahebat,
813 931 851 976 att

57 991 164 1046 reddere
174 991 207 1045 de
216 989 308 1044 multis
319 998 349 1045 ut
359 992 437 1046 verbo
449 992 592 1047 novissima
604 1000 701 1062 posset.

57 1067 163 1120 Fecerat
173 1066 223 1120 hoc
232 1067 307 1129 luno,
327 1066 405 1137 quia,
425 1083 510 1136 quum
522 1066 681 1136 deprendere
691 1076 779 1137 posset

58 1157 121 1193 curn
132 1140 193 1195 Iove
203 1157 280 1209 saepe
292 1156 342 1192 suo
352 1141 490 1211 Nymphas
505 1142 531 1193 in
544 1149 632 1194 monte
643 1141 764 1207 iacentes,

58 1213 105 1268 illa
115 1213 191 1267 deam
202 1213 280 1285 longo
290 1212 406 1282 prudens
415 1230 536 1266 sermone
547 1214 659 1276 tenebat,

59 1289 125 1343 dum
137 1286 402 1360 lugerentNymphae
423 1286 797 1358 PostquamSaturniasensit3
814 1301 852 1346 355

60 1362 157 1426 Huius,
178 1362 224 1425 ait,
245 1360 360 1432 linguae,
380 1378 433 1432 qua
444 1379 505 1416 sum
516 1361 617 1425 deluso,
638 1371 751 1434 poteslas

59 1454 142 1509 parva
151 1435 198 1491 tibi
208 1435 323 1499 dubitur,
344 1436 469 1508 vocisque
480 1437 654 1492 brevissimus
665 1456 746 1506 usus3

59 1528 141 1585 reque
152 1512 240 1567 minas
250 1510 347 1566 firmat.
368 1511 466 1566 Tamen
477 1513 541 1568 haec
551 1512 579 1566 in
592 1512 644 1567 fine
656 1512 778 1586 loquendi

59 1587 206 1662 ingeminat
216 1603 305 1642 voces:
333 1586 694 1660 audituqueverbnreportat.

96 1664 167 1736 Ergo
176 1661 222 1717 ubi
233 1661 385 1716 Narcissum
397 1679 442 1733 per
451 1663 593 1718 deviaruru
604 1673 743 1736 vagantem
815 1676 853 1719 370

60 1738 128 1792 vidit
137 1747 163 1792 et
172 1735 291 1800 incaluit,
302 1738 424 1808 sequitur
434 1739 543 1810 vestigia
555 1737 655 1792 lurtim.

59 1812 173 1884 Quoque
182 1811 268 1885 magis
277 1813 407 1883 sequitur,
421 1811 526 1867 [lemma
537 1814 657 1882 propiore
666 1811 784 1879 calescit3

60 1904 113 1941 nou
127 1887 210 1951 aliter,
230 1903 311 1957 quam
326 1904 411 1957 quum
421 1888 536 1941 summis
545 1886 693 1942 circumlita
703 1887 785 1943 taedis

60 1961 178 2016 admotas
188 1961 296 2031 rapiunt
305 1961 405 2017 vivacia
416 1961 518 2016 sulfura
530 1960 660 2017 dammas.

60 2035 197 2108 Oquotles
207 2035 291 2091 voluit
301 2035 405 2091 blandis
415 2037 535 2092 occulere
543 2037 631 2100 dictis,
815 2047 854 2090 375

61 2111 188 2166 etmolles
198 2110 324 2165 adhibere
333 2113 439 2183 precesl
470 2113 724 2185 Natururcpugnat3

60 2202 109 2240 neo
119 2186 183 2240 sinit
194 2185 315 2256 incipiat:
336 2187 393 2250 sed,
414 2186 485 2258 quod
496 2187 569 2249 sinit,
592 2186 634 2240 illa
651 2194 739 2256 paratu
749 2191 789 2241 est

60 2268 211 2332 exspectare
220 2277 308 2323 sonos,
330 2262 362 2316 ad
373 2279 441 2332 quos
451 2279 498 2315 sua
510 2262 588 2316 verba
600 2262 723 2314 remittat.

59 2337 137 2391 Forte
145 2353 225 2407 puer,
246 2335 372 2390 comitum
386 2336 510 2390 seductus
521 2337 554 2391 ab
564 2337 670 2409 agmine
681 2334 742 2397 ouo,

60 2411 171 2474 dixerat,
183 2410 282 2481 Ecquis
292 2409 382 2465 adest‘?
391 2420 424 2472 et,
438 2411 528 2473 Adest,
540 2410 707 2481 responderat
716 2407 798 2465 Echo.
816 2420 854 2464 38⁰

60 2486 109 2540 Hic
119 2494 221 2555 stupet:
244 2492 325 2554 utque
335 2487 416 2540 aciem
427 2495 513 2556 partes
523 2485 625 2539 dimisit
636 2485 662 2537 in
673 2500 780 2551 omnes;

60 2577 135 2624 voce,
158 2558 235 2623 Veni,
255 2556 351 2614 clamat
362 2578 467 2632 magna.
498 2560 578 2614 Vocat
589 2559 631 2612 illu
644 2567 797 2611 uocantem.

62 2634 191 2705 Respicit:
213 2641 238 2688 et
248 2649 344 2692 rursus
355 2635 432 2693 nullo
441 2635 585 2699 ueniente,
600 2631 695 2697 Qum„
706 2625 824 2757 {swa

93 2715 167 2772 orn.
182 2718 211 2776 T.
222 2720 259 2778 Π.
742 2736 753 2753 ²
