1874 2940
166 135 547 184 METAMORPHOSEON
569 138 638 183 LIB.
651 137 686 183 11.
761 131 789 184 51

56 237 136 292 Infiee
144 237 204 292 tabe
212 243 258 292 tua
267 243 389 291 natarum
399 236 521 308 Cecropis
534 253 631 291 unam:

56 313 95 366 sic
107 329 176 384 opus
185 319 234 366 est.
264 309 490 385 Aglaurnseaest.
519 310 595 366 Haud
605 309 682 383 plura
693 309 778 367 locuta
809 323 848 366 785

55 386 138 460 iugit3
160 393 185 440 et
194 386 323 457 impressa
332 385 454 440 tellurem
463 384 560 458 repulit
568 385 654 442 hasta.

56 461 104 516 Illa
113 460 189 515 deam
199 460 307 532 obliquo
316 459 461 534 fugientem
470 460 572 515 lumine
581 477 701 525 cernens,

56 553 195 591 murmura
204 553 285 606 parva
295 535 380 590 dedit:
401 552 640 607 successurumque
649 535 782 590 Minervae

12 623 13 626 ’
56 609 183 665 indoluit:
203 609 384 681 baculumque
393 611 472 682 capit,
492 627 573 682 quem
582 609 675 681 spinea
684 616 781 664 tortum

55 683 163 740 vincula
172 684 327 758 cingebant:
348 684 523 757 adopertaque
533 684 652 739 nubibus
660 684 734 749 auis,
809 696 849 738 itu

56 776 217 832 quacunque
226 759 384 834 ingreditur,
404 758 522 816 florentia
531 759 640 831 proterit
652 775 724 824 arva,

56 834 196 906 exuritque
205 834 312 900 herbas,
331 840 473 891 etsumma
481 851 611 907 papavera
620 833 717 905 carpit:

55 907 389 981 afflatuquesuopopulos,
408 910 553 982 urbesque,
573 908 719 981 domosque

55 983 165 1056 polluit:
186 991 211 1038 et
220 984 327 1039 tandem
337 984 471 1046 Tritonida
480 983 609 1056 conspicit
618 1001 714 1048 arcem,

56 1058 171 1131 ingeniis
181 1057 437 1130 opibusqueetiesta
445 1075 510 1130 pace
518 1059 661 1113 virentem:
810 1067 849 1111 795

56 1133 157 1204 vixque
165 1140 235 1186 tenet
244 1132 379 1198 lacrimas,
399 1134 463 1204 quia
473 1132 512 1188 nil
521 1131 681 1186 lacrimabile
691 1132 783 1186 cernit.

57 1206 108 1260 Sed
117 1214 258 1278 postquam
266 1205 395 1261 thalamos
404 1207 511 1262 intravit
521 1205 633 1276 Cecrope
647 1213 735 1272 natae,

57 1282 131 1334 iussa
142 1279 216 1333 iacit:
236 1287 382 1351 pectusque
390 1297 473 1334 manu
484 1278 618 1364 ferrugine
627 1279 708 1332 tincta

58 1354 156 1427 tangit:
179 1359 205 1408 et
216 1352 330 1407 humatis
339 1352 491 1426 praecordia
500 1353 621 1408 sentibus
631 1352 736 1423 implet:

57 1427 223 1500 inspiratque
232 1444 329 1483 nocens
339 1427 428 1496 virus,
448 1427 607 1500 piceumque
614 1444 662 1500 per
671 1444 731 1482 ossa
811 1439 849 1481 eun

58 1502 180 1574 dissipat,
199 1509 225 1558 et
233 1500 321 1558 medio
330 1503 432 1576 spargit
440 1501 567 1574 pulmone
575 1519 719 1558 venenum.

56 1579 128 1632 Neve
137 1574 200 1630 mali
210 1593 318 1632 caussae
326 1577 443 1650 spatium
451 1594 500 1650 per
513 1576 592 1632 latius
605 1585 701 1642 errent,

56 1669 210 1726 germanam
219 1659 279 1706 ante
287 1652 390 1718 ocules,
407 1651 624 1724 fortunatumque
632 1652 729 1708 sororis

57 1727 222 1800 coniugium,
240 1726 405 1800 pulchraque
416 1727 497 1782 deum
506 1727 559 1782 sub
568 1727 684 1799 imagine
693 1727 780 1798 ponit:

57 1809 204 1873 cunctaque
213 1818 310 1874 magna
319 1800 390 1857 facit.
411 1800 516 1869 Quibus
525 1801 635 1867 irritata,
657 1801 745 1858 dolore
810 1811 849 1853 8⁰5

58 1876 179 1948 Cecropis
189 1875 290 1932 occulto
300 1877 447 1946 mordetur,
470 1877 676 1941 etanxianocte,

58 1951 136 2006 anxia
147 1950 312 2024 lucegemit3
334 1951 457 2024 lentaque
465 1951 614 2006 miserrima
624 1950 683 2005 tabe

58 2025 181 2098 liquitur,
201 2024 339 2099 utglaeies
348 2027 448 2083 incerte
457 2026 547 2081 saucia
557 2025 625 2081 sole:

58 2098 193 2172 felicisque
202 2099 523 2156 benisnonseciusuritur
532 2101 636 2165 Herses,

58 2191 140 2245 quam
149 2192 234 2246 quum
244 2176 360 2246 spinosis
369 2176 441 2250 ignis
451 2175 611 2247 supponitur
620 2173 724 2229 herbis:
811 2183 849 2226 uu

58 2267 126 2320 quae
136 2265 221 2322 neque
230 2248 296 2305 dant
303 2247 439 2316 flammas,
460 2249 567 2323 lenique
580 2256 795 2320 teporecreman-

58 2397 140 2469 Saepe
150 2398 217 2453 mori
227 2397 320 2466 voluit,
341 2417 375 2454 ne
384 2398 532 2472 quidquam
543 2397 593 2453 tale
603 2396 716 2453 videret:

58 2482 144 2544 saepe,
165 2471 238 2527 velut
246 2473 356 2539 crimen,
378 2474 464 2547 rigido
474 2491 580 2528 narrare
589 2471 701 2544 parenti.

57 2548 177 2618 Denique
185 2549 214 2602 in
225 2546 335 2604 adverso
344 2549 492 2604 venientem
503 2547 595 2602 limine
609 2546 676 2601 sedit

58 2621 197 2678 exclusura
206 2622 296 2679 deum.
327 2623 379 2682 Cui
388 2622 738 2745 mmmm&
826 2623 877 2654 W
