1874 2940
167 118 541 165 METAMOR'PHOSEON
558 116 681 162 LIB.IV.
739 110 782 162 104

54 217 153 287 alipedi
163 216 279 286 vitulus;
299 226 392 273 taurus
400 216 459 282 tibi,
480 233 585 271 summe
594 214 713 271 deorum.
808 225 847 267 755

54 292 179 347 Protinus
189 291 373 348 Andromeden
387 299 413 346 et
421 291 487 347 tanti
495 290 612 362 praemia
621 289 682 344 iacti

54 365 173 420 indotata
182 367 261 437 repit.
290 365 389 422 Tuedes
399 367 566 440 Hymenaeus
576 365 711 436 Amorque

55 437 237 507 praecutiunt:
259 437 339 512 largis
349 448 501 496 saturentur
509 438 636 496 odoribus
645 438 734 510 ignes:

57 520 181 583 sertaque
190 511 338 584 dependent
346 513 429 579 tectis,
449 521 475 568 et
484 511 585 583 ubique
595 510 720 584 lyraeque

57 587 177 658 tibiaque
186 594 211 641 et
219 595 322 654 cantus,
346 586 429 642 animi
439 585 523 641 felicia
534 585 593 640 laeti
810 596 849 638 70⁰

57 668 222 735 argumenta,
242 670 347 718 sonunt.
375 662 504 717 Reseratis
512 678 591 716 aurea
600 658 686 716 valvis

57 736 124 790 atria
133 743 295 810 totapatent3
315 735 616 810 pulchroqueinstruetu
626 741 720 805 paratu

58 811 214 881 Cephenum
222 828 342 882 proceres
351 811 444 866 ineunt
452 811 573 867 eonvivie
583 810 663 883 regis.

57 887 202 956 Postquam
211 885 297 957 epulis
306 885 390 941 iuncti
399 885 519 958 generosi
529 901 638 939 munere
647 883 742 939 Bacchi

59 959 188 1014 diffudere
197 959 313 1015 animos:
334 958 476 1031 cultusque
484 975 624 1033 genusque
636 957 754 1014 loeorum
810 968 849 1010 705

60 1034 164 1104 quaerit
171 1033 344 1102 Abantiades3
365 1035 501 1106 quaerenti
511 1033 632 1104 protinus
642 1045 714 1086 unus

61 1113 151 1162 narrat
160 1106 289 1180 Lyncides
299 1124 438 1178 moresque
447 1107 608 1176 habitusque
616 1106 745 1160 virorum.

61 1180 136 1247 Quae
145 1179 226 1234 simul
235 1181 347 1248 edocuit,
366 1182 455 1245 Nune,
475 1178 652 1243 osortissime,
673 1179 750 1241 dixit,

61 1255 227 1325 farepreeor‚
247 1255 353 1320 Persen,
372 1251 473 1326 quanta
481 1252 579 1308 virtute
587 1253 743 1324 quibusque

61 1329 165 1385 artibus
174 1327 314 1384 abstuleris
323 1328 417 1384 crinita
425 1327 585 1384 draconibus
594 1343 649 1382 ore.
814 1338 852 1379 77⁰

62 1402 339 1467 NarretAhentiudes‚
363 1401 451 1477 gelido
461 1401 513 1458 sub
522 1400 627 1457 Atlante
636 1401 762 1456 iacentem

62 1496 121 1534 esse
133 1478 231 1544 locum,
252 1477 350 1534 solidae
359 1485 447 1533 tutum
456 1476 606 1532 munimine
615 1474 708 1532 molis:

63 1554 140 1609 cuius
150 1554 179 1609 in
188 1554 295 1609 introitu
303 1552 423 1626 geminus
432 1552 565 1608 habitasse
579 1568 680 1607 sorores

62 1628 222 1702 Phorcydas‚
243 1629 325 1682 unius
334 1627 439 1683 sortitas
454 1626 565 1682 luminis
577 1643 672 1682 usum:

64 1702 93 1757 id
102 1719 130 1757 se
138 1701 225 1758 solerti
234 1701 337 1768 furtim,
357 1699 423 1757 dum
432 1702 553 1768 traditur,
574 1708 634 1756 estu

65 1777 200 1847 supposita
212 1775 313 1847 cepisse
322 1794 419 1832 manu:
439 1793 540 1847 perque
549 1775 636 1830 abdite
647 1773 733 1848 longe,

65 1852 202 1924 deviaque,
223 1859 248 1906 et
256 1850 333 1906 silvis
343 1851 475 1906 horrentia
485 1867 548 1906 sexa
558 1849 669 1923 fragosis

66 1926 215 2000 Gorgoneas
225 1926 341 2000 tetigisse
350 1925 455 1981 domos:
476 1925 630 1997 passimque
638 1941 685 1996 per
694 1941 780 1997 egros,

64 1998 802 2071 perqueviesvidissehominumsimulucreferarumque

66 2075 95 2128 in
104 2073 205 2130 silicem
214 2092 247 2131 ex
255 2076 322 2147 ipsis
331 2076 389 2130 visu
398 2092 524 2131 converse
532 2074 654 2131 Medusa:
816 2081 855 2123 780

67 2164 96 2202 se
105 2155 193 2204 temen
202 2149 346 2206 horrendae
355 2149 451 2224 clypei,
472 2167 553 2221 quem
560 2148 633 2204 laeva
642 2148 756 2222 gerebat,

67 2238 126 2277 aere
135 2239 286 2294 repercusso
295 2224 407 2280 formum
416 2223 551 2296 aspexisse
561 2224 698 2280 Medusae:

68 2296 188 2368 dumque
195 2297 284 2371 graiis
296 2316 408 2355 somnus
420 2299 595 2371 colubrasque
609 2299 748 2369 ipsamque
767 2303 804 2347 te-

596 2372 682 2434 nebat,

69 2445 199 2517 eripuisse
208 2453 287 2518 ceput
294 2447 374 2503 eollo:
393 2449 544 2520 pennisque
552 2446 672 2520 fugacem

69 2523 187 2594 Pegason
197 2528 223 2575 et
231 2520 337 2576 fratrem
346 2523 437 2578 matris
447 2522 480 2577 de
490 2522 619 2594 sanguine
632 2525 715 2572 natos.

69 2595 178 2652 Addidit
187 2604 212 2652 et
224 2595 297 2672 longi
307 2614 360 2653 non
367 2597 435 2653 falsu
442 2595 687 2671 ueiieuiueuisusx
