1874 2940
123 142 156 196 et
308 149 336 194 Ρ.
357 149 485 196 ovrnn
500 150 666 196 unisonus

123 250 273 320 seposuisse
282 267 386 323 graves,
404 265 541 320 veeuaque
551 249 664 321 agitasse
672 251 797 306 remissos

71 335 108 377 333
123 340 185 377 eum
195 324 296 378 iunone
306 326 390 380 iocos:
411 331 445 388 et,
467 323 549 377 Maior
560 331 644 377 vestra
655 324 768 396 proiecto
778 334 826 393 est,

123 415 205 468 quam
216 415 285 470 quae
294 397 423 470 contingit
433 397 562 461 maribus,
582 396 692 465 dixisse,
712 399 846 474 voluptas.

53 488 56 494 ·
124 470 269 548 lilanegat.
301 472 411 536 Placuit,
432 487 501 542 quae
511 471 545 525 sit
555 473 683 527 sententia
693 474 772 542 docti,

124 564 259 617 quaerere,
280 546 404 602 Tiresiae.
433 545 523 601 Venus
533 545 597 600 huie
607 554 662 601 erat
672 557 783 623 utraque
793 560 862 607 nota.

123 623 192 677 Nam
203 623 256 678 duo
265 637 422 694 magnorum
432 620 511 674 viridi
525 621 646 674 dduntia
656 620 724 677 silva

71 705 108 748 333
123 713 232 768 corpora
241 703 393 766 serpentum
404 694 490 749 baculi
503 693 644 750 violaverat
654 695 722 750 ictu:

124 769 211 842 deque
221 772 277 824 viro
287 768 519 842 iactus(mimbi1e)
530 767 637 832 femina,
658 776 758 839 septem

125 852 212 930 egerat
222 850 379 898 autumnos:
399 851 491 897 octavo
501 859 596 897 rursus
605 841 711 896 eosdem

125 918 205 973 vidit:
225 924 259 981 et,
280 917 328 970 Est
339 923 439 970 vestroe
448 917 471 970 si
486 924 555 971 tenta
566 917 679 988 potentia
688 914 790 991 plagee,

124 991 206 1058 dixit,
226 998 257 1046 ut
267 990 380 1045 auctoris
391 999 486 1046 sortem
498 991 526 1045 in
537 992 666 1046 oonirerin
676 999 772 1047 mutet:

70 1077 109 1121 333
124 1083 196 1122 nune
219 1081 327 1137 quoque
353 1083 401 1122 ros
433 1064 535 1121 feriam.
574 1065 709 1121 Percussis
730 1067 867 1142 anguibus

598 1140 684 1196 isdem

123 1213 206 1271 forma
216 1215 288 1287 prior
298 1215 383 1282 rediit,
403 1215 574 1291 genitivaque
582 1216 656 1272 venit
665 1216 761 1292 imago.

123 1288 226 1345 Arbiter
236 1292 279 1346 hie
290 1293 371 1368 igitur
380 1300 486 1347 sumtus
496 1291 528 1346 de
539 1292 583 1346 iite
592 1291 688 1358 iocosa,

123 1363 191 1419 dicta
201 1367 269 1422 iovis
280 1369 376 1423 iirmat.
407 1368 522 1423 Gravius
531 1366 653 1423 Saturnia
664 1367 743 1435 iusto,

124 1456 171 1494 nee
181 1456 228 1510 pro
239 1443 347 1497 materie
358 1441 440 1496 fertur
449 1441 580 1497 doluisse:
601 1442 699 1513 suique

70 1524 108 1567 333
123 1513 219 1569 iudicis
229 1524 331 1571 aeterna
342 1516 478 1570 damnavit
491 1515 593 1571 iumine
604 1523 688 1573 noete.

123 1588 865 1665 ntpateromnipotens(nequeenimlicotirritacuiquam

124 1660 189 1716 iacta
198 1664 240 1718 dei
252 1664 344 1721 iecisse
354 1665 411 1738 deo)
421 1681 468 1736 pro
479 1664 580 1719 iumine
590 1665 693 1722 ademto

123 1738 190 1792 scire
200 1737 288 1796 futura
299 1741 385 1797 dedit:
406 1757 572 1813 poenamque
582 1739 679 1797 levavit
687 1741 792 1798 honore

160 1812 206 1868 Iiie
216 1833 262 1887 per
271 1817 378 1883 Aonias,
399 1815 468 1871 fama
481 1815 677 1882 oeieberdmus,
698 1816 778 1871 urbes

71 1894 109 1940 tto
125 1886 305 1957 irreprehensa
314 1892 392 1946 debet
401 1891 500 1964 populo
509 1909 635 1963 responsa
644 1889 753 1961 petenti.

124 1961 211 2015 Prima
222 1963 273 2018 fide
282 1966 408 2038 vocisque
419 1975 487 2021 retae
500 1965 644 2020 tentamina
657 1963 755 2017 sumsit

124 2035 227 2090 caerula
238 2037 354 2108 Liriope:
375 2057 457 2111 quam
470 2039 606 2111 quondam
616 2037 725 2091 flumine
734 2051 816 2092 curvo
843 2076 851 2087 .

125 2109 266 2182 implicuit,
286 2112 444 2186 ciuusaeque
453 2114 511 2167 suis
521 2111 654 2183 Cephisus
662 2110 691 2164 in
702 2108 783 2164 undis

126 2185 180 2239 vim
189 2183 259 2239 tulit.
290 2186 375 2241 Enixa
386 2195 424 2242 est
435 2201 508 2241 utero
518 2183 694 2255 pulcherrima
703 2183 782 2255 pleno

71 2265 110 2312 eis
125 2259 251 2314 infantem
262 2260 396 2333 Nympho,
417 2261 469 2315 iarn
480 2258 600 2331 tunequi
613 2264 701 2329 posset
710 2261 807 2326 amari;

125 2334 426 2406 Narcissumquevoeat.
456 2336 556 2406 iiequn
566 2331 713 2400 mnsultus,
733 2353 768 2390 an
778 2347 847 2392 esset

111 2456 113 2460 Α
124 2415 240 2481 tempora
251 2418 369 2464 maturae
379 2411 487 2464 visurus
498 2407 574 2481 ionga
584 2415 713 2465 senectae:

125 2481 248 2539 fatidicus
258 2493 345 2550 vates,
366 2484 393 2540 Si
404 2501 493 2539 senon
505 2484 607 2548 viderit,
628 2484 726 2557 inquit.

124 2557 198 2613 Vena
207 2558 254 2613 diu
266 2560 323 2614 visa
333 2567 372 2614 est
381 2578 433 2616 vox
443 2558 562 2634 auguris.
592 2561 687 2615 Exitus
697 2561 772 2615 iiiam

63 2635 330 2705 moresqueprobat
352 2634 449 2710 letique
457 2652 553 2712 genus,
573 2636 729 2709 novitasque
738 2634 844 2692 furoris.

226 2888 342 2916 Α
