1874 2940
82 207 462 254 METAMORPHOSEON
479 209 551 255 LIB.
572 209 642 254 xlv.
686 201 735 254 3⁶9

34 312 121 358 userat
131 304 234 358 iliades.
264 304 350 358 Unam
361 311 448 359 tamen
460 305 516 375 ipsa
526 305 634 361 reclusit

35 379 189 448 >strepitum
198 396 276 433 verso
286 378 408 432 Saurania
418 379 525 433 cardine
537 379 606 433 iecit.

38 472 51 506 a
64 455 153 507 Venus
164 460 253 522 portae
265 453 390 506 cecidisse
400 452 523 524 repagula
534 453 631 508 sensit:

35 527 149 580 riansura
162 526 225 592 iuit3
248 527 299 580 uisi
310 527 381 596 quod
392 525 539 580 rescindere
550 543 698 598 numquam

48 601 270 655 lieetactadedm.
300 600 528 668 lanolocaiuncta
540 601 663 655 tenebant
752 613 791 655 785

36 675 91 728 ides
102 677 244 741 Ausoniae,
265 675 352 749 gelido
362 675 475 730 rorantia
487 672 571 728 fonte:

35 758 128 823 srogat
137 750 283 806 auxilium:
305 768 354 805 neo
363 749 503 825 Nymphae
516 748 584 802 iusta
595 753 726 817 petentem

35 825 145 879 stiuuere
155 825 245 881 deam:
266 843 403 898 venasque
415 834 440 880 et
450 823 559 878 flumina
570 821 650 878 sontis

35 916 108 953 :uere
117 901 171 955 sui.
201 901 325 955 Nondum
336 910 422 956 tamen
435 898 571 955 inrisioni

35 993 39 1024 ι
50 976 256 1042 praemiserant,
277 993 325 1027 neo
336 978 383 1029 iter
392 975 568 1044 praecluserat
576 969 658 1026 unda.
753 980 793 1023 790

38 1046 92 1098 rida
104 1055 261 1115 supponunt
271 1047 382 1101 fecundo
392 1048 494 1100 sulfura
507 1047 581 1111 fonti,

35 1118 193 1188 tenduntque
202 1137 280 1172 cavas
292 1118 410 1173 fumante
421 1121 551 1173 bitumine
562 1135 652 1175 venas.

35 1192 103 1245 ribus
114 1192 157 1244 bis
168 1193 281 1263 aliisquo
291 1212 373 1264 vapor
383 1194 528 1265 penetravit
537 1192 570 1247 ad
580 1194 634 1247 ima
645 1209 646 1213 ’

35 1268 89 1320 rtis:
111 1275 136 1320 et
146 1266 242 1337 Alpino
252 1268 330 1322 modo
340 1287 408 1341 quae
418 1278 516 1323 certare
527 1268 607 1340 rigori

35 1341 132 1395 debatis
143 1358 236 1412 aquae,
257 1360 311 1396 non
321 1344 414 1397 ceditis
426 1345 535 1415 ignibus
545 1342 622 1413 ipsis,
754 1352 794 1396 795

35 1415 164 1470 immisero
176 1416 275 1488 gemini
287 1415 392 1472 fumant
402 1418 559 1489 adspergine
568 1422 670 1488 postes:

35 1497 133 1560 daque,
155 1490 336 1561 nequidquam
349 1493 443 1566 rigidis
454 1492 583 1564 permissa
593 1488 710 1553 Sabinis,

35 1573 67 1618 rte
77 1564 127 1619 fuit
137 1572 297 1636 praestructa
309 1585 391 1631 noro,
412 1568 477 1621 dum
490 1566 600 1620 Martius
611 1581 684 1620 arma

35 1639 118 1694 lueret
129 1640 214 1694 miles.
245 1639 319 1705 Quae
330 1650 469 1713 postquam
481 1640 612 1696 Romulus
622 1638 691 1694 ultro

35 1714 105 1778 rulit,
127 1724 152 1769 ot
161 1722 239 1768 strata
250 1724 289 1768 est
303 1716 380 1769 tellus
391 1717 508 1771 Romana
519 1715 625 1769 Sabinis
757 1724 795 1768 80⁰

35 1790 161 1858 poribus,
178 1797 257 1843 strata
270 1799 362 1861 estque
374 1791 446 1856 suis;
467 1789 611 1862 generique
621 1801 741 1842 cruorem

35 1864 128 1934 rguine
140 1881 201 1917 cum
214 1865 296 1918 soceri
307 1867 462 1934 permiscuit
473 1864 572 1933 impius
582 1860 669 1917 ensis:

35 1953 60 1990 ce
70 1945 157 1991 tamen
167 1938 225 1991 sisti
236 1938 346 2002 beilum,
368 1955 416 1991 nec
426 1938 451 1991 in
464 1938 557 1992 ultima
568 1936 643 1992 ferro

35 2019 126 2066 certare
138 2012 234 2084 piacet;
256 2013 414 2082 Tatiumque
424 2013 646 2086 accedereregno.

36 2087 244 2151 oideratTatius‚
265 2087 426 2158 populisque
434 2095 543 2159 aequata
555 2088 670 2153 duobus,
758 2097 796 2140 8⁰5

35 2160 119 2224 mule,
141 2163 199 2216 iura
210 2163 305 2217 dabas:
327 2162 410 2231 posita
422 2181 507 2233 quum
518 2163 620 2217 casside
630 2163 734 2216 Mavors

35 2234 732 2308 ibusadiatnrdivumquebominumqueparentem:

36 2325 115 2376 mpus
126 2310 209 2372 adest,
221 2311 333 2380 genitor,
341 2313 467 2381 quoniam
481 2311 636 2372 fundamine
646 2325 744 2381 magno

35 2399 39 2433 r
50 2383 261 2448 Romanorulm,
283 2402 331 2438 nec
342 2387 460 2456 praeside
472 2385 566 2454 prandet
576 2384 610 2436 ab
620 2399 684 2447 uno,

35 2457 124 2520 remia,
146 2475 215 2529 quae
225 2460 356 2528 promissa
369 2461 432 2512 mibi
444 2460 579 2531 dignoque
589 2456 688 2527 nepoti,
759 2469 798 2510 aio

35 2532 109 2594 frere,
130 2539 156 2585 et
165 2533 282 2586 ablatum
294 2534 371 2586 terris
382 2535 517 2603 imponere
526 2530 608 2586 coelo.

35 2623 37 2656 ι
50 2605 116 2659 mibi
129 2607 241 2661 concilio
251 2608 385 2678 quondam
398 2615 531 2678 praesente
541 2605 662 2671 deorum,

35 2696 71 2732 rm
81 2697 208 2749 memoro,
219 2682 385 2754 memorique
393 2682 482 2736 animo
491 2682 535 2754 pia
546 2679 625 2736 verba
636 2679 723 2735 notavi
728 2678 749 2747 d
