1874 2940
167 109 545 157 METAmoRPHosEON
562 112 689 158 nlmffl.
766 109 800 160 67

56 213 180 282 Dumque
190 210 268 274 bibit,
288 209 361 266 visae
370 217 505 281 correptus
516 211 633 284 imagine
642 211 750 279 formae,

56 304 133 358 spem
143 286 201 340 sine
210 302 317 356 corpore
329 290 414 340 amat:
435 302 532 357 corpus
550 292 705 357 putatesse,
726 290 799 361 quod

587 361 682 416 umbra
693 371 742 419 est.

55 433 187 505 Adstupet
195 432 254 504 ipse
263 434 331 489 sibi:
354 432 484 507 vultuque
494 434 621 491 immotus
630 437 722 492 endem

56 511 154 574 haeret,
175 518 205 562 ut
214 526 229 562 c
238 509 313 564 Pario
322 506 463 564 formatum
474 527 606 566 marmore
620 511 740 584 signum.

56 584 161 654 Spectat
168 583 244 637 humi
254 584 356 655 pesitus
366 584 515 657 geminum,
528 600 576 640 sua
587 584 699 651 lumina,
712 587 796 654 sidus,
813 597 852 644 420

56 668 82 713 et
91 657 187 732 dignos
196 659 307 724 baccho,
327 658 456 732 dignosci
467 660 590 731 Apolline
599 661 702 731 crines;

56 734 234 807 impubesque
243 750 335 808 genas,
356 741 382 789 et
390 734 506 790 eburnea
515 735 591 801 colla,
613 734 748 808 decusque

56 809 119 877 oris,
139 816 164 863 et
174 810 202 864 in
212 810 289 864 niveo
299 809 413 864 mixtum
423 809 536 865 candore
549 811 687 867 ruborem:

56 884 334 956 cunctaquemiratur,
356 884 456 956 quibus
465 891 505 939 est
513 884 643 940 mirabilis
653 887 720 957 ipse.

55 959 90 1013 Se
99 960 172 1030 cupit
181 959 347 1030 imprudens,
368 966 402 1024 st,
422 960 583 1030 quiprobat,
607 959 651 1014 ille
659 962 801 1031 probatur:
813 969 852 1016 425

56 1032 176 1104 dumque
184 1034 257 1104 petit,
265 1033 363 1104 petitur
373 1053 378 1086 :
388 1035 538 1104 pariterque
547 1034 674 1100 accendit,
680 1044 707 1090 et
714 1036 797 1091 ardet.

57 1107 133 1160 Irrita
142 1106 227 1161 fallaci
238 1107 341 1178 quoties
351 1107 423 1160 dedit
432 1107 520 1161 oscula
535 1107 616 1161 fonti!

56 1183 85 1235 in
98 1181 198 1235 medias
208 1180 320 1251 quoties,
341 1180 431 1234 visum
440 1180 571 1250 captantia
580 1179 687 1242 collum,

56 1255 165 1309 brachia
177 1255 269 1308 mersit
278 1270 371 1323 aquas,
393 1269 441 1306 nec
450 1270 479 1307 se
488 1253 626 1324 deprendit
634 1254 661 1307 in
671 1253 739 1308 illisi

57 1329 130 1395 Quid
139 1327 238 1394 videat,
257 1329 355 1395 nescit3
377 1327 432 1392 sed,
455 1327 617 1399 quodvidet‚
641 1328 797 1386 uriturillcz
813 1338 852 1386 43⁰

57 1402 235 1475 atqueoculos
246 1402 326 1468 idem,
347 1403 394 1474 qui
405 1401 510 1474 decipit,
531 1403 622 1458 incitat
631 1420 712 1459 error.

57 1476 178 1544 Credula,
199 1477 267 1550 quid
276 1476 372 1532 frastra
383 1477 523 1532 simulacra
536 1477 642 1552 fugacia
653 1478 760 1551 captas?

57 1553 134 1620 Quod
145 1553 228 1624 petis,
248 1559 289 1608 est
302 1568 452 1625 nusquam:
478 1552 550 1626 quod
562 1571 651 1615 amas,
671 1563 796 1620 avertere,

586 1628 690 1700 perdes.

56 1705 107 1757 [sta
118 1719 294 1774 repercussae,
307 1719 389 1775 quam
398 1703 494 1768 cernis,
505 1703 632 1776 imaginis
641 1704 737 1759 umbra
746 1716 795 1759 ast.

55 1777 100 1833 Nil
110 1778 188 1832 babet
197 1779 246 1833 ista
257 1776 314 1846 sui3
334 1785 422 1832 boum
431 1778 559 1849 venitque
571 1787 725 1850 manetque:
812 1786 851 1835 lat

56 1861 143 1907 tecum
152 1852 276 1918 discedet,
297 1853 320 1906 si
332 1860 361 1906 tu
373 1851 506 1907 discedere
515 1852 612 1923 possis.

56 1928 115 1982 Non
126 1925 203 1982 illum
214 1927 327 1993 Cereris,
348 1944 402 1982 non
412 1925 490 1980 illum
499 1944 563 1981 cura
572 1927 670 1999 quietis

56 2001 206 2057 abstrahere
214 2002 278 2057 inde
286 2008 385 2073 potest:
409 2001 456 2056 sed
466 2018 546 2073 opaca
555 2001 633 2057 fusus
643 2003 672 2057 in
682 2001 763 2057 herba

56 2083 155 2146 spectat
164 2077 297 2148 inexpleto
306 2075 460 2131 mendacem
470 2075 571 2131 lumine
581 2075 692 2131 formam
703 2097 709 2131 :

55 2167 156 2222 perque
166 2151 256 2206 oculos
265 2151 334 2222 perit
342 2152 400 2222 ipse
410 2169 487 2206 suas:
511 2150 795 2223 paulumquelevatus,
811 2157 850 2204 tlt

56 2225 90 2280 ad
99 2225 299 2280 circumstantes
310 2225 418 2280 tendens
428 2242 478 2280 sua
487 2225 594 2281 brachia
604 2226 699 2288 silvam

55 2299 166 2371 Ecquis,
187 2299 213 2355 io
222 2299 314 2366 silvae,
336 2299 481 2366 crudelius,
504 2300 602 2372 inquit,
623 2299 741 2355 amavit?

56 2374 135 2429 Scitis
144 2373 225 2438 enim,
246 2381 272 2428 et
283 2375 375 2430 multis
385 2374 482 2429 latebra
492 2383 639 2446 opportuna
648 2374 747 2429 fuistis.

55 2451 183 2521 Ecquem,
205 2465 291 2519 quum
301 2457 570 2523 vestraetotagantur
582 2448 774 2513 saecularitate,

56 2525 104 2596 qui
114 2526 153 2578 sic
162 2523 284 2587 tabuerit,
306 2522 384 2598 longo
394 2525 554 2579 meministis
564 2524 593 2578 in
602 2521 685 2577 aevc‘l
814 2531 861 2570 <bs

55 2600 89 2653 Et
96 2598 189 2670 placet,
211 2597 336 2656 etvidec:
359 2599 410 2656 sed
418 2595 818 2728 qucduidesqneqbssacpsps,
