1874 2940
148 134 182 190 2l
325 143 356 187 P.
377 141 505 189 ovlnn
523 142 690 188 Nasonls

94 252 133 296 tut
148 240 282 312 Panaque,
297 257 384 311 quum
394 257 518 312 prensam
528 240 580 296 sibi
592 241 644 294 iam
654 239 768 315 Syringa
778 248 892 312 putaret,

147 330 255 385 corpore
263 330 313 384 pro
320 315 461 387 Nymphae
469 313 584 370 calamos
599 316 716 371 tenuisse
724 315 872 387 palustres:

146 387 268 461 dumque
280 387 317 443 ibi
328 389 454 460 suspirat,
477 395 562 443 motos
572 389 601 443 in
610 389 740 445 arundine
750 397 842 445 ventos

148 461 264 517 effecisse
273 480 370 518 sonum
381 470 496 525 tenuem,
515 461 687 534 similemque
696 464 818 534 querenti
829 484 835 518 :

148 543 203 591 arte
212 554 281 592 nova
290 537 418 606 vocisque
426 534 506 590 deum
515 535 655 591 dulcedine
666 546 784 608 captum,

93 620 134 664 llo
148 610 203 665 lloo
212 609 432 666 mihiooneilium
441 617 538 675 mcum,
558 611 669 676 dixisse,
692 612 824 667 manebit:

147 691 227 756 etque
239 685 274 739 ita
286 683 439 754 disparibus
449 683 557 738 calamis
567 685 723 812 eompaqine
731 702 805 741 esrae

148 757 217 813 inter
225 775 255 812 se
266 757 364 812 iunctis
374 774 470 812 nomen
481 759 597 814 tenuisse
606 776 659 830 pue
680 776 719 814 ee.

147 831 221 888 Talia
230 831 362 896 dicturus,
381 830 449 885 vidit
458 831 595 905 Cyllenius
605 851 698 888 omnes

147 905 323 961 suoeubuisse
331 903 432 970 oculos,
453 907 628 979 adopertaque
639 907 741 962 lumina
753 924 858 965 somno.

93 991 133 1035 tlt
146 978 297 1052 Supprimit
307 978 439 1050 extemplo
449 998 555 1046 vooem‚
574 981 716 1054 firmatque
727 1000 858 1054 soporem,

147 1053 275 1128 languida
284 1053 453 1126 permulcens
466 1055 594 1110 medioata
604 1055 707 1112 lumina
717 1058 802 1130 virga.

146 1128 201 1184 Neo
210 1144 298 1183 mora:
319 1127 412 1184 lalcato
422 1137 558 1184 nutantem
567 1129 689 1186 vulnerat
700 1148 772 1196 ense,

147 1201 541 1333 quaselloestconfinecaput:
562 1212 830 1277 saxoqueoruentum

165 1276 251 1346 eiioit3
271 1283 298 1330 et
306 1277 421 1334 maoulnt
430 1286 599 1352 praeruptam
610 1280 742 1354 sunguine
751 1295 855 1350 rupem.

94 1361 133 1405 tao
184 1350 264 1426 Arge,
282 1349 367 1408 isoes:
387 1353 514 1426 quodque
526 1355 556 1410 in
569 1361 606 1410 tot
620 1353 723 1409 lumina
738 1353 829 1409 lumen
841 1353 891 1407 ha-

623 1429 715 1493 bebas,

147 1497 295 1554 extinctum
303 1506 357 1554 est:
374 1505 537 1571 centumque
545 1499 636 1555 oeulos
646 1518 695 1554 nos
705 1506 888 1570 ocoupatuna.

146 1571 254 1644 Excipit
262 1573 321 1640 hos,
341 1570 823 1644 volucrisquesuaeSatumiapennis

147 1645 269 1717 oollooat;
290 1655 316 1703 et
323 1645 439 1721 gemmis
448 1644 561 1700 caudam
571 1645 740 1700 stellantibus
749 1642 851 1714 implet.

185 1721 309 1777 Protinus
318 1722 425 1787 exarsit,
448 1736 497 1776 neo
506 1727 622 1791 tempora
633 1717 737 1773 distulit
748 1718 816 1774 irae:

94 1805 134 1849 725
147 1793 357 1868 horriferamque
365 1795 450 1851 oeulis
460 1794 603 1866 animoque
612 1793 708 1850 obiecit
718 1793 842 1865 Erinnyn

148 1868 250 1941 pellicis
259 1869 411 1944 Argolicae,
430 1867 854 1940 stimulosqueiupeetoreoaeoos

148 1942 275 2009 eondidit,
295 1951 321 1998 et
331 1942 472 2017 profugam
483 1961 530 2015 per
541 1951 625 1999 totum
635 1942 728 1996 terruit
738 1940 839 1995 orbem.

148 2015 265 2072 Ultimus
275 2017 408 2073 immenso
418 2019 545 2083 restanus,
566 2016 635 2083 Nile,
657 2015 751 2070 labori.

149 2089 235 2157 Quem
245 2091 326 2146 simul
336 2109 366 2147 ac
375 2093 473 2165 tetigit,
493 2091 641 2163 positisque
651 2091 680 2145 in
690 2089 811 2162 margine
819 2087 893 2158 ripae

95 2173 135 2218 tto
148 2164 292 2236 procubuit
300 2167 426 2239 genibus,
446 2166 626 2237 resupinoque
638 2163 722 2219 ardua
731 2161 807 2227 eollo,

149 2254 218 2311 quos
227 2241 323 2310 potuit,
343 2240 413 2297 solos
423 2239 517 2296 tollens
529 2240 563 2294 ad
572 2238 659 2294 sidera
668 2237 771 2302 vultus,

147 2319 176 2368 et
182 2313 295 2385 gemitu,
315 2320 341 2367 et
353 2313 478 2379 lacrimis,
498 2321 524 2369 et
533 2313 665 2370 luctisono
674 2311 780 2384 mugitu

149 2402 212 2441 eum
221 2388 284 2444 love
292 2387 349 2442 visa
358 2388 435 2460 quari
444 2395 493 2453 est,
514 2388 649 2460 finemque
663 2403 737 2442 orare
749 2383 891 2441 malorum.

150 2459 279 2535 Coniugis
288 2461 334 2517 ille
344 2479 408 2517 suae
417 2462 573 2534 complexus
582 2461 648 2517 eolla
662 2459 775 2523 lacertis,

87 2542 134 2584 πε
143 2533 226 2588 liniat
234 2543 264 2590 ut
271 2552 371 2606 poenas
380 2536 495 2602 tandem,
516 2544 603 2610 rogat:
626 2534 843 2608 lnqueluturum

126 2601 344 2684 mononem)
354 2610 462 2685 inquit,
476 2627 620 2688 nunquam
631 2611 681 2668 tibi
690 2624 786 2666 caussa
794 2605 894 2664 doloris
