1874 2940
157 156 533 204 METAMORPHOSEON
550 160 621 206 LIB.
640 162 695 206 ΧΠ.
748 156 793 210 281

58 257 175 329 festaque
184 257 293 313 confusa
303 257 441 312 resonabat
450 260 521 331 regia
531 258 618 312 turba.

56 333 124 387 Ecce
133 340 233 388 canunt
242 334 426 405 Hymenaeon,
447 340 472 387 et
482 331 590 407 ignibus
600 333 665 387 atria
674 330 791 391 fumant:
813 347 852 390 215

57 407 196 479 cinctaque
205 406 278 462 adest
285 407 362 480 virgo
371 415 486 461 matrum
497 423 671 478 nuruumque
679 416 791 475 caterva,

57 482 206 554 praesignis
218 481 293 536 facie.
321 481 435 536 Felicem
445 481 564 538 diximus
574 480 620 535 illa

57 556 170 629 coniuge
178 557 340 612 Pirithoum:
361 558 433 629 quod
445 575 528 628 paene
540 555 682 612 fefellimus
691 571 779 610 omen.

58 632 127 684 Nam
139 631 202 696 tihi,
224 649 365 688 saevorum
375 633 529 688 saevissime
538 631 739 696 Centaurorum,

58 707 167 779 Euryto,
188 724 270 780 quam
280 708 453 779 vinopectus,
473 706 709 781 tamvirginevisa
815 716 853 759 22⁰

59 780 141 847 ardet,
162 788 187 836 et
196 783 307 839 ebrietas
317 783 450 855 geminata
459 782 570 838 libidine
581 788 682 857 regnat.

60 857 182 912 Protinus
194 875 300 913 eversae
311 859 419 913 turbant
430 858 552 914 convivia
562 875 684 913 mensae:

59 938 230 1002 raptaturque
239 932 323 986 comis
332 949 379 1001 per
388 933 445 986 vim
458 951 526 987 nova
539 941 622 1004 nupta
631 932 779 1004 prehensis.

59 1005 178 1076 Eurytus
187 1004 379 1075 Hippodamen,
391 1005 446 1069 alii,
457 1022 539 1076 quam
549 1008 665 1077 quisque
674 1008 802 1078 probabat

60 1084 107 1131 aut
115 1086 224 1148 poterat,
246 1077 366 1148 rapiunt:
387 1086 530 1148 captaeque
539 1087 594 1132 erat
602 1081 678 1134 urbis
688 1081 786 1154 imago.
816 1092 854 1134 225

61 1151 185 1207 Femineo
194 1150 307 1206 clamore
319 1160 395 1206 sonat
402 1151 508 1206 domus.
540 1151 620 1206 Ocius
630 1169 722 1207 omnes

61 1227 213 1300 surgimus:
235 1232 261 1280 et
269 1225 384 1296 primus,
404 1225 653 1292 Quaetevecordia,
672 1225 800 1290 Theseus,

60 1304 169 1374 Euryto,
191 1299 289 1371 pulsat,
308 1300 357 1368 ait;
378 1301 437 1372 qui,
459 1300 624 1366 mevivente,
645 1299 759 1354 lacessas

61 1376 219 1440 Pirithoum,
239 1371 375 1447 violesque
384 1375 451 1431 duos
461 1375 572 1449 ignarus
582 1375 611 1429 in
620 1371 694 1429 uno‘l

62 1453 134 1506 Neve
143 1468 173 1504 ea
181 1446 369 1522 magnanimus
379 1449 476 1505 lrustra
486 1449 766 1514 memoraveritheros,
817 1459 856 1503 230

62 1526 202 1581 submovet
211 1525 349 1589 instantes,
369 1533 525 1597 raptamque
535 1523 684 1580 furentibus
694 1522 788 1581 aulert.

62 1599 298 1655 lllenihilcontra:
320 1617 407 1673 neque
415 1601 487 1655 enim
496 1598 635 1655 defendere
643 1599 733 1655 verbis

61 1675 124 1731 talia
135 1674 200 1729 lacta
209 1682 308 1746 potest:
329 1675 377 1731 sed
387 1674 501 1732 vindicis
511 1693 556 1730 ora
565 1674 694 1745 protervis

62 1749 214 1820 insequitur
224 1750 363 1815 manibus,
383 1766 563 1824 generosaque
572 1755 675 1820 pectora
684 1748 783 1821 pulsat.

62 1825 139 1880 Forte
148 1823 199 1880 luit
207 1825 281 1880 iuxta
294 1824 380 1898 signis
389 1823 556 1880 exstantibus
565 1840 643 1894 asper
818 1837 857 1881 235

62 1901 190 1973 antiquus
200 1907 292 1966 crater,
312 1917 394 1973 quem
404 1907 511 1955 vastum
520 1901 619 1955 vastior
628 1900 686 1971 ipse

62 1976 171 2032 sustulit
179 1975 302 2051 Aegides,
322 1976 486 2047 adversaque
494 1971 568 2029 misit
576 1975 605 2030 in
613 1992 668 2030 ora.

63 2049 208 2124 Sanguinis
224 2051 269 2108 ille
281 2050 374 2126 globos
389 2051 499 2123 pariter,
522 2050 728 2123 cerebrumque,
750 2069 805 2106 me·

595 2143 720 2196 rumque,

66 2193 389 2265 vulnereetorevomens,
412 2199 518 2254 madida
527 2201 671 2271 resupinus
683 2215 772 2258 arena,

10 2269 14 2287 ³
64 2267 187 2324 calcitrat.
218 2269 366 2328 Ardescunt
375 2273 496 2346 germani
506 2274 584 2328 caede
593 2271 767 2328 bimembres:
820 2276 859 2323 lto

64 2344 803 2416 certatimqueomnesunoore,Arma,arma,loquuntur.

64 2419 133 2474 Vina
142 2416 240 2472 dabant
249 2418 367 2474 animos:
388 2428 413 2475 et
421 2422 507 2492 prima
517 2420 611 2492 pocula
620 2436 711 2491 pugna

66 2493 147 2547 missa
157 2490 255 2556 volant,
277 2491 437 2566 fragilesque
446 2495 514 2560 cadi,
535 2495 665 2563 curvique
675 2491 784 2548 lebetes:

66 2584 107 2621 res
116 2567 203 2639 epulis
213 2566 358 2638 quondam,
371 2586 443 2624 nunc
452 2568 521 2624 hello
531 2575 557 2621 et
565 2567 700 2633 caedibus,
712 2578 796 2640 aptae.

66 2643 171 2698 Primus
180 2641 343 2714 Ophionides
353 2628 475 2718 Amycias
486 2639 729 2716 penetraliadcms
831 2645 881 2682 a*
