1874 2940
171 145 546 194 uurauoarflosnoru
563 149 634 194 Lm.
655 150 710 196 xv.
762 142 812 198 373

68 248 188 306 officium
197 247 301 321 placido
310 247 385 302 visus
394 246 524 302 dimittere
532 245 619 313 vultu,

68 340 167 395 eorpus
177 322 206 378 in
215 322 333 378 Ausonia
344 323 434 394 posuit
442 330 505 377 raia.
535 323 717 379 Numiniailla

68 399 246 456 acasitanae:
266 413 411 470 pressaque
419 396 461 452 dai
469 396 597 472 gravimta
605 399 695 458 carina

68 471 206 531 Aeneadue
214 473 345 546 gaudent,
365 488 495 544 caesoque
503 473 533 528 in
543 471 628 528 littora
636 481 713 530 tauro
826 487 865 532 aaa

68 554 282 605 lortacoronataa
290 545 399 603 solvunt
407 546 550 603 retinacula
559 549 669 620 puppis.

68 620 213 694 Impulerat
223 621 288 677 levis
297 639 362 678 aura
372 629 464 678 ratem.
493 623 563 679 Deua
571 624 669 679 eminet
678 623 729 679 alle

68 697 247 770 impositaque
256 713 380 769 premens
389 698 502 771 puppim
513 698 613 753 neruine
622 716 758 754 recurvam

69 771 203 828 caeruleae
211 771 342 844 despectat
353 791 451 846 aquas:
472 773 637 847 modicisque
647 789 692 847 per
702 792 800 847 aequor

69 847 175 903 lonium
184 846 313 922 Zephyris
322 858 411 904 sextae
420 848 580 907 Pallantidos
589 858 649 907 ortu
825 861 864 905 :nu

69 920 173 978 ltaliam
181 922 275 988 tenuit,
295 929 451 994 praeterque
459 925 568 980 lacinia
579 924 677 999 templo

69 996 205 1053 nobilitata
216 996 280 1050 deae
289 994 465 1068 Scylaceaque
475 997 561 1052 littora
571 999 664 1056 fertur.

69 1071 180 1145 Linquit
189 1070 335 1144 iapygiam,
355 1068 482 1141 laevaque
491 1069 645 1141 Amphiasia
654 1075 736 1129 remia

69 1163 133 1202 anxa
143 1145 226 1220 fugit:
247 1145 338 1200 dextra
347 1152 486 1218 praerupta
496 1144 626 1201 Ceraunia
637 1155 720 1217 parte,

68 1219 378 1294 Romechiumquelegit‚
399 1219 578 1291 Caulonaque,
599 1221 808 1294 Naryciamque:
824 1235 864 1280 705

69 1295 220 1369 evincitque
228 1295 335 1362 fretum,
354 1293 492 1367 Siculique
504 1302 616 1367 ungunta
625 1294 719 1360 Pelori,

69 1369 283 1443 Hippotadaeque
292 1370 385 1427 domos
394 1370 473 1443 regis,
494 1370 670 1442 Temesesque
679 1369 797 1436 metalla,

69 1447 278 1518 Leucosiamque
287 1446 365 1517 petii,
386 1445 521 1518 tepidique
530 1444 628 1499 rosaria
636 1446 732 1500 Paesti.

68 1520 132 1579 Inde
142 1519 206 1596 legit
214 1521 341 1593 Capreas,
360 1519 774 1592 pmmnatoriumquellinervae,

68 1602 94 1650 et
102 1595 256 1651 Surrentino
265 1612 405 1669 generosos
414 1594 522 1667 palmite
532 1593 621 1661 colles,
823 1607 863 1649 710

68 1669 275 1742 Herculeamque
284 1671 388 1737 urbem,
403 1670 568 1743 Stabiasque,
583 1677 608 1725 et
620 1668 709 1724 inoiia
719 1675 808 1722 natam

68 1745 258 1814 Parthenopen,
277 1751 303 1797 et
313 1745 347 1799 ab
358 1745 409 1799 hac
418 1743 549 1800 Cumaeae
558 1743 655 1815 templa
664 1740 791 1817 Sibyllae.

67 1820 135 1874 ilinc
146 1816 224 1872 calidi
234 1816 328 1883 lentae,
350 1817 594 1891 lentisciferumque
602 1825 705 1874 tenetur

67 1893 214 1958 Liternum,
232 1891 399 1966 multamque
409 1894 516 1948 trahens
525 1895 577 1950 sub
586 1894 691 1970 gurgite
702 1910 809 1951 arenam

67 1967 226 2037 Vulturnus,
243 1968 381 2043 niveisque
390 1966 515 2042 frequens
523 1968 651 2027 Sinuessa
660 1968 806 2028 columbis:
824 1979 862 2025 715

67 2046 271 2120 Minturnaeque
279 2063 384 2122 graves,
393 2053 419 2103 et
427 2063 510 2122 quam
520 2047 663 2106 tumulavit
672 2048 807 2110 alumnus,

67 2118 278 2193 Antiphataeque
287 2123 390 2190 domos,
407 2124 576 2197 Trachasque
585 2126 692 2182 obsessa
700 2121 805 2195 palude.

67 2194 180 2250 attellus
190 2196 305 2262 Circaea,
325 2200 442 2270 etapisai
453 2198 547 2254 littoris
557 2200 680 2254 Antium.

67 2271 126 2325 Huc
133 2269 181 2326 ubi
192 2267 327 2327 veliferam
336 2280 432 2327 nautae
441 2273 575 2328 advertere
583 2272 710 2333 carinam,

67 2344 153 2417 (asper
162 2345 234 2401 enim
244 2343 297 2397 iam
306 2350 405 2414 pontus
414 2344 489 2419 erat‚)
498 2344 563 2399 deus
573 2341 781 2412 explicatorbea,
821 2352 861 2396 alu

66 2435 167 2492 perque
176 2420 253 2476 sinus
263 2419 367 2473 crebros
377 2425 403 2472 et
414 2436 511 2492 magna
522 2416 659 2473 volumina
670 2415 771 2481 labens,

66 2491 164 2562 templa
173 2493 290 2564 parentis
301 2493 359 2560 init,
379 2489 480 2547 flavum
489 2492 622 2565 tangentia
631 2490 715 2546 lilius.

66 2566 188 2636 Aequore
197 2565 299 2637 placato
307 2566 405 2637 patriae
414 2566 577 2639 Epidaurius
587 2584 645 2621 aras

62 2637 172 2712 linquit,
194 2647 220 2696 el
230 2640 347 2715 hospilio
356 2641 727 2704 iunulle’ale'anumln'muaua„
