1874 2940
128 110 178 164 dld
323 114 351 161 P.
371 112 497 160 ovum
515 111 679 159 NASONIS

127 217 175 270 rite
184 213 327 281 colebatur,
347 213 499 286 temploque
511 213 642 286 domoque
650 210 761 282 recepit:

127 291 274 364 urbemque
283 289 410 354 ostendit,
431 287 594 360 delubraque
604 295 673 352 nou,
694 285 821 362 duasque

74 376 112 421 555
126 366 225 421 Latona
234 365 369 437 quondam
379 366 474 435 stirpes
483 364 600 434 pariente
610 368 732 416 retentas.

126 441 196 495 Ture
205 440 265 496 dato
275 439 399 503 flammis,
419 438 536 509 vinoque
549 438 577 492 in
587 445 645 491 tura
656 435 776 507 profuso,

127 531 318 587 caesarumque
327 514 409 569 boum
420 513 495 568 fibris
505 512 538 567 de
547 529 620 567 more
628 510 762 576 crematis,

128 589 199 663 regia
209 596 274 643 tecta
283 596 391 660 petunt:
411 587 545 658 positique
554 587 685 656 tapetibus
694 584 755 639 altis

129 680 239 717 munera
248 680 311 717 cum
322 660 424 733 liquido
433 661 541 731 capiunt
550 660 665 715 Cerealia
674 660 785 716 Baccho.

76 745 114 792 cto
129 738 198 791 Turn
208 737 270 848 gius
280 734 423 790 Anchises:
445 733 575 789 OPhoebi
586 733 650 788 lecte
659 733 790 800 sacerdos,

129 809 218 865 fallor.
241 827 275 863 an
291 816 316 863 et
326 816 434 874 natum,
453 825 539 881 quum
555 809 674 881 primum
689 808 754 864 haec
766 812 875 869 moenia

604 883 671 949 vidi,

129 954 302 1028 bisqueduas
312 964 397 1023 natas,
417 965 549 1031 qnantum
559 958 723 1024 reminiscor,
737 956 876 1015 habebas?

128 1031 197 1086 Huic
206 1029 303 1099 Anius,
323 1032 409 1089 niveis
418 1034 579 1089 circumdata
588 1041 706 1104 tempora
714 1033 789 1087 vittis

130 1108 295 1175 concutiens,
315 1109 442 1174 ettristis,
464 1110 513 1164 ait:
534 1107 715 1169 Nonfalleris,
735 1106 815 1163 heros

77 1188 115 1237 tte
130 1182 260 1238 maxime:
282 1190 403 1240 natorum
414 1184 505 1240 vidisti
515 1183 635 1255 quinque
644 1188 794 1254 parentem:

130 1274 211 1331 quem
238 1276 310 1314 nunc
332 1258 419 1333 (tanta
440 1259 562 1315 homines
586 1275 674 1313 rerum
697 1256 875 1403 inconstantia

607 1339 704 1395 versat,

130 1423 213 1477 paene
223 1406 298 1462 vides
308 1408 414 1462 orbum.
444 1406 522 1474 Quod
530 1407 601 1461 enim
611 1406 678 1460 mihi
694 1404 766 1460 filius
776 1406 877 1464 abeam

131 1480 282 1535 auxilium?
300 1499 380 1554 quem
390 1482 459 1536 dicta
469 1499 518 1537 suo
527 1482 560 1537 de
570 1481 677 1536 nomine
686 1479 764 1536 tellus

131 1554 236 1610 Andros
251 1555 344 1621 habet,
370 1573 419 1628 pro
438 1563 513 1628 patre
531 1555 673 1627 locumque
690 1562 716 1609 et
736 1572 817 1629 regna
836 1564 877 1613 te-

607 1639 723 1686 nentem.

79 1716 118 1760 ese
132 1704 222 1760 Delius
232 1703 376 1779 augurium
386 1704 459 1761 dedit
467 1704 545 1761 huic:
565 1705 638 1761 dedit
647 1706 726 1762 altera
736 1703 816 1760 Liber

133 1779 259 1836 femineae
269 1781 346 1852 stirpi
356 1788 415 1837 voto
425 1781 525 1838 maiora
535 1780 640 1855 fideque

133 1871 257 1910 munera:
279 1873 340 1911 nam
350 1864 420 1912 tactu
430 1865 552 1913 natarum
562 1864 655 1912 cuncta
668 1870 788 1909 mearum

134 1928 162 1982 in
171 1935 285 2001 segetem
296 1928 453 2003 laticemque
462 1933 529 1986 meri
541 1933 702 2000 baccamque
711 1929 844 1985 Minervae

133 2000 402 2060 transformabantur:
423 2007 551 2080 divesque
562 2013 617 2060 erat
626 2021 693 2058 usus
704 2004 730 2057 in
742 2001 806 2059 illis.

80 2089 119 2133 655
132 2078 187 2133 Ηοο
196 2076 244 2132 ubi
254 2079 376 2151 cognovit
386 2082 477 2137 Troiae
486 2079 625 2154 populator
633 2078 752 2146 Atrides3

134 2171 167 2208 ne
177 2171 229 2209 non
239 2170 272 2208 ex
281 2152 371 2226 aliqua
381 2164 496 2212 vestram
506 2155 621 2211 sensisse
629 2150 771 2228 procellam

136 2248 184 2284 nos
196 2237 482 2302 quoqueparteputes,
503 2248 639 2287 armorum
648 2228 753 2286 viribus
762 2244 831 2284 usus

135 2304 262 2358 abstrahit
272 2305 369 2360 invitas
377 2305 478 2379 gremio
487 2305 626 2377 genitoris:
647 2304 780 2374 alantque,

136 2377 256 2450 imperat,
277 2378 428 2453 Argolicam
437 2377 542 2433 coelesti
553 2397 663 2435 munere
672 2385 787 2452 gentem.

83 2460 122 2505 555
135 2452 286 2524 Effugiant,
307 2471 362 2525 quo
370 2469 492 2524 quaeque
501 2460 595 2523 potest.
622 2454 729 2509 Euboea
740 2450 857 2521 duabus,

129 2532 159 2577 et
166 2525 274 2581 totidem
285 2526 356 2583 netis
365 2525 471 2583 Andros
481 2525 593 2584 fraterna
603 2528 683 2599 petita
695 2535 743 2582 est.

111 2597 293 2670 dulcescent,
317 2611 352 2673 et,
376 2601 564 2672 nidedantur,
579 2602 789 2661 bellanimatur.
