1874 2940
162 96 212 155 231
346 104 376 151 P.
397 101 523 152 0v1n11
540 105 706 153 NASONIS

198 202 271 270 Quas
280 205 344 277 quia
350 205 506 281 Pygmalion
515 223 609 261 aevum
620 220 667 276 per
674 203 785 260 erimine
797 221 913 284 agentes

161 277 272 339 videret.
292 281 408 337 offensus
420 283 502 347 vitiis,
523 297 592 352 quae
600 280 717 350 plurima
726 283 811 337 menti

108 359 147 409 255
161 351 289 410 femineae
298 356 397 412 Natura
408 356 488 421 dedit,
509 355 567 408 sine
576 353 798 428 ooniugeoaelebs

161 428 281 496 vivebat,
301 430 464 502 thalamique
473 428 520 483 diu
529 437 648 483 oonsorte
657 430 769 485 carebat.

163 504 263 560 Interea
276 506 385 560 niveum
394 504 462 558 mira
472 501 580 558 feliciter
590 511 644 557 erte

163 578 261 651 sculpit
269 579 344 644 ebur,
366 578 530 648 formamque
539 576 620 643 dedit,
641 595 694 649 qua
707 578 807 634 femina
818 590 897 643 nasci

163 653 238 708 nulla
246 661 346 724 potest:
366 653 506 723 operisque
516 651 559 705 sui
569 654 688 725 oonoepit
699 670 829 712 emonem.

109 739 148 782 25⁰
162 728 281 800 Virginis
290 734 329 780 est
339 743 414 780 verae
425 724 513 791 iacies,
534 743 615 799 quam
627 730 716 783 vivere
725 728 828 798 credas,

162 808 197 866 et,
218 801 243 853 si
253 817 305 854 non
315 800 399 853 obstet
409 800 562 866 reverentie,
583 800 650 857 velle
659 803 770 858 moveri.

162 872 288 928 Arsedeo
298 872 359 927 latet
368 881 422 928 arte
431 892 489 930 sue.
519 876 638 944 Miretur,
660 884 685 932 et
693 877 783 932 haurit

212 953 264 1002 tore
274 948 430 1022 Pygmalion
440 950 558 1007 simulati
569 953 684 1025 corporis
693 952 779 1026 ignes.

196 1039 244 1094 epe
254 1039 350 1078 manus
360 1026 432 1097 operi
443 1033 572 1082 tentantes
582 1028 710 1092 admovet,
731 1045 765 1081 en
776 1028 811 1082 sit

108 1109 147 1154 255
161 1114 268 1170 eorpus,
279 1117 312 1154 an
323 1098 391 1156 illud
400 1101 480 1158 ebur:
502 1121 550 1158 neo
560 1103 646 1159 adhue
654 1103 720 1159 ebur
728 1118 786 1158 esse
795 1102 905 1164 letetur.

162 1172 259 1231 Oscula
269 1174 321 1242 dat,
334 1176 461 1250 reddique
469 1186 557 1250 putet:
579 1177 758 1251 loquiturque,
769 1184 905 1254 tenetque:

163 1258 189 1305 et
197 1250 279 1307 credit
288 1253 363 1307 tectis
371 1253 468 1328 digitos
478 1253 593 1309 insidere
602 1253 743 1310 membris:

163 1334 188 1381 et
197 1328 300 1393 metuit,
320 1344 425 1399 pressos
435 1329 523 1384 veniet
532 1346 565 1384 ne
575 1328 642 1386 livor
651 1330 679 1385 in
689 1336 772 1384 artus.

162 1400 197 1455 Et
205 1402 284 1458 modo
293 1401 434 1456 blanditias
447 1402 567 1458 adhibet:
588 1404 675 1469 modo,
695 1411 769 1477 grata
778 1403 876 1473 puellis

109 1486 148 1530 265
163 1492 283 1540 munere,
303 1475 353 1530 lert
362 1475 401 1529 illi
410 1478 534 1542 conches,
554 1484 699 1549 teretesque
710 1476 822 1548 lapillos,

163 1555 189 1602 et
197 1564 293 1619 parvas
302 1547 432 1614 volucres,
454 1558 479 1605 et
488 1548 565 1607 flores
577 1550 651 1605 mille
661 1551 789 1616 oolorum,

163 1619 281 1694 liliaque,
300 1621 436 1693 pietasque
445 1623 524 1695 pilas,
543 1623 611 1678 eteb
621 1624 712 1679 arbore
723 1624 810 1696 lapsas

163 1695 303 1752 Heliadum
313 1695 448 1765 lacrimas3
469 1704 661 1769 ornetquoque
671 1698 789 1752 vestibus
800 1707 890 1761 artus:

162 1769 208 1826 det
220 1770 311 1844 digitis
320 1789 449 1846 gemmas,
470 1771 515 1827 det
528 1771 571 1828 lon
590 1771 725 1827 emonilin
737 1770 813 1826 collo.

109 1855 148 1901 255
162 1842 234 1900 dure
242 1845 313 1902 leves
321 1847 423 1912 baooae,
444 1789 599 1901 redimicula
607 1853 709 1916 pectore
720 1841 845 1925 pendent.

163 1917 263 1975 Cuncta
273 1919 377 1974 decent:
398 1937 447 1974 neo
456 1919 528 1975 nude
537 1919 627 1974 minus
637 1918 749 1974 formosa
759 1911 873 1976 videtur.

163 1990 461 2059 Collooathenostretis,
481 1994 581 2048 oonoha
590 1991 715 2047 Sidonide
722 1989 825 2047 tinctis:

163 2065 329 2140 appellatque
337 2067 387 2123 tori
397 2068 508 2123 sociam:
529 2065 707 2138 acclinataque
716 2064 782 2123 colle

162 2140 289 2201 mollibus
299 2142 328 2199 in
338 2141 449 2214 plumis,
469 2148 597 2214 tunquam
610 2157 730 2210 sensura,
751 2143 863 2218 reponit.

109 2231 149 2276 275
163 2221 240 2276 Festa
248 2216 306 2274 dies
315 2218 434 2284 Veneris,
454 2223 506 2273 tota
515 2215 682 2272 celeberrime
694 2217 790 2295 Cypro,

164 2305 284 2352 venerat:
305 2301 330 2350 et
339 2292 435 2367 pendis
445 2290 566 2347 inductae
575 2292 700 2349 oornibus
710 2312 806 2352 eurum

165 2369 331 2427 oonoiderent
340 2370 405 2425 iotee
414 2368 490 2424 nivea
499 2367 599 2423 cervice
608 2367 748 2443 iuvencae,
828 2402 831 2407 ·

164 2453 278 2521 turaque
286 2445 437 2502 fumabant:
458 2460 544 2516 quum
553 2460 663 2501 munere
672 2445 779 2503 functus
790 2445 891 2501 ederas

165 2521 295 2591 constitit;
316 2529 341 2578 et
349 2519 451 2586 timide,
471 2517 497 2574 Si
508 2518 535 2575 di
545 2519 709 2579 dareounote
719 2519 837 2596 potestis,

95 2604 146 2649 275
154 2593 197 2650 sit
202 2596 306 2655 coniux
314 2603 385 2673 opto,
399 2594 463 2672 (non
472 2613 563 2664 ausus,
584 2599 699 2655 eburnea
712 2599 797 2672 virgo,
