1874 2940
155 153 203 205 131
330 158 361 203 P.
383 156 510 203 OVIDII
527 157 695 204 NASONIS

154 258 211 313 dux
221 273 297 312 meus
308 277 314 312 :
326 266 351 311 et
361 255 453 321 simili,
478 257 578 311 Faveas
591 254 668 322 mihi,
683 273 823 312 murmure
832 258 902 316 dixi.

154 332 288 388 Naiadum
298 332 420 386 Faunine
429 330 504 396 toret,
524 339 627 395 tamen,
648 348 703 396 ara,
724 332 864 405 rogabam,

101 418 140 462 333
155 407 329 480 indigenaeve
337 407 394 473 dei,
416 422 502 477 quum
512 403 573 459 talia
583 404 698 459 reddidit
706 405 820 476 hospes:

155 483 215 536 Non
225 482 283 547 hac,
304 499 320 537 ο
332 480 452 545 iuvenis,
473 487 631 534 montanum
642 496 743 534 numen
754 481 782 534 13
793 498 840 536 ara
852 492 901 538 est.

156 556 203 611 Illa
216 573 293 611 suam
306 563 382 611 vocat
391 554 469 619 banc,
489 554 532 608 cui
546 553 681 625 quondam
692 554 764 627 regia
774 556 877 614 coniux

156 631 248 687 orbem
258 630 410 686 interdixit:
430 645 513 701 quam
524 627 571 683 vix
580 628 689 684 erratica
699 628 777 683 Delos

157 713 275 761 orantem
285 704 392 775 accepit,
413 709 471 757 tum
482 720 569 775 quum
578 701 645 758 levis
655 702 745 758 insuia
754 703 846 761 nabat.

103 791 142 834 335
157 780 214 834 11113
224 777 383 833 incumbens
392 794 454 831 cum
464 777 578 832 Palladis
591 777 684 833 arbore
692 777 808 849 palmae,

157 852 240 908 edidit
249 852 333 907 invita
346 851 467 924 geminos
477 854 577 908 Latona
586 869 708 908 noverca.

157 927 226 981 Hinc
235 942 343 998 qunque
352 927 481 981 iunonem
491 926 593 1001 fugisse
602 944 731 1000 puerpera
741 925 835 995 fertur,

158 1001 241 1072 inque
251 1018 300 1056 suo
309 1008 427 1072 portasse
437 1001 510 1067 sinu,
530 1000 584 1056 duo
594 1001 721 1067 numina,
742 1010 828 1058 33133.

159 1077 268 1147 lamque
274 1074 485 1142 Chimaeriferae,
497 1092 583 1148 quum
589 1074 632 1130 Sol
641 1076 825 1150 gravisureret
831 1096 904 1144 arva,

106 1158 144 1206 313
158 1151 258 1206 finibus
270 1150 298 1205 in
308 1152 413 1225 Lyciae,
435 1150 514 1224 longa
523 1149 571 1203 dea
582 1148 650 1204 sessa
660 1149 759 1216 labore,

159 1226 261 1282 sidereo
273 1226 369 1281 siccata
380 1225 453 1280 sitim
462 1224 528 1281 colle
549 1224 568 1277 ’1
577 1224 611 1279 ab
621 1232 710 1279 aestu:

159 1301 296 1374 uberaque
305 1302 441 1357 ebiberant
451 1241 653 1356 avidiffdctantia
665 1297 729 1353 nati.

160 1376 237 1431 Forte
250 1377 337 1431 lacum
348 1376 488 1431 mediocris
498 1391 583 1446 aquae
592 1373 729 1445 prospexit
737 1370 767 1426 iu
777 1371 842 1428 imis

161 1448 292 1505 vallibus:
314 1457 429 1522 agrestes
439 1449 495 1503 illic
504 1448 630 1504 fruticosa
641 1448 764 1522 legebant

107 1529 145 1577 315
160 1523 262 1578 vimina
272 1539 334 1577 cum
344 1523 441 1588 iuncis,
462 1531 619 1597 gratamque
628 1521 774 1595 paludibus
783 1521 888 1579 ulvam.

160 1595 286 1661 Accessit,
308 1597 527 1668 positnquegenu
538 1599 641 1652 Titania
651 1606 748 1653 terram

159 1669 266 1741 pressit,
287 1677 318 1724 ut
327 1669 444 1724 hauriret
452 1669 555 1743 gelidos
568 1680 662 1742 potura
671 1672 799 1744 liquores.

160 1744 269 1799 Rustica
279 1745 356 1800 turba
365 1751 444 1799 vetat.
474 1745 527 1799 Dea
536 1746 575 1800 sic
584 1746 659 1800 affata
669 1753 802 1803 vetantes:

161 1817 232 1884 Quid
238 1819 383 1890 prohibetis
389 1818 556 1892 aquisiUsus
561 1823 713 1878 eommunis
719 1827 904 1894 aquarumest.

107 1904 146 1947 353
160 1894 215 1947 Ν33
224 1891 311 1948 Solem
320 1895 459 1966 proprium
468 1897 577 1962 Natura,
599 1895 799 1962 333333313311,

162 1983 211 2023 333
220 1973 312 2023 tenues
323 1969 423 2025 undas:
444 1970 479 2025 ad
488 1970 595 2043 publica
605 1989 716 2026 munera
726 1971 799 2028 veni.

162 2041 333 2110 Quaetamen
343 2051 373 2098 ut
382 2044 459 2112 detis,
470 2045 584 2117 supplex
593 2054 663 2118 peto.
675 2048 735 2103 Nun
744 2063 793 2120 ego
803 2050 907 2101 3331333

161 2116 269 2174 abluere
278 2116 323 2172 hic
332 2126 414 2186 artus,
436 2120 586 2194 lassataque
595 2120 715 2178 membra
725 2121 869 2193 parabam:

162 2194 209 2250 sed
219 2193 334 2249 relevare
343 2194 426 2249 sitim.
457 2195 532 2251 Caret
541 2214 570 2251 os
580 2196 692 2252 humore
702 2195 851 2268 loquentis,

108 2281 146 2325 355
162 2277 187 2325 31
198 2269 285 2325 fauces
296 2277 383 2339 arent3
404 2270 505 2343 vixque
515 2279 554 2326 est
564 2270 606 2325 via
618 2270 691 2326 vocis
702 2269 804 2326 inillis.

161 2346 280 2400 Haustus
290 2362 375 2417 aquae
385 2345 451 2399 mihi
462 2354 551 2400 nectar
560 2347 622 2400 erit:
643 2344 892 2417 vitamquefatebnr

162 2422 294 2493 accepisse
303 2420 398 2476 simul:
420 2422 503 2476 vitam
515 2420 639 2474 dederitis
650 2419 679 2475 13
693 2420 775 2475 unda.

163 2494 196 2547 Hi
207 2503 505 2568 quoquevosmnvennt,
521 2494 569 2567 qui
580 2502 669 2550 nostro
678 2494 787 2549 brachia
797 2492 873 2548 teudu

163 2585 246 2640 parva
259 2571 336 2625 sinu:
359 2578 384 2626 31
393 2588 457 2626 casu
468 2569 609 2625 tendebant
618 2569 725 2624 brachia
737 2568 802 2623 nati.

102 2653 147 2695 333
160 2642 247 2709 Ouenr
256 2662 311 2702 non
320 2645 420 2703 blanda
430 2647 493 2703 deae
502 2645 651 2720 potuissent
662 2644 745 2703 rerba
756 2640 877 2700 moverat
