1874 2940
153 123 526 172 METAMORPHOSEON
542 125 614 169 LIB.
634 124 702 171 vm.
747 119 795 170 485

57 226 214 298 Atgemini,
234 222 355 279 nondum
365 221 589 287 coelestiasidera‚
609 221 710 289 danes,

58 300 136 355 ambo
145 299 292 371 conspicui,
315 298 376 354 nive
384 297 582 352 candidioribus
592 297 671 352 ambo

58 374 228 429 vectabantur
236 372 327 445 equis:
347 372 536 428 ambovibrata
544 388 593 443 per
601 387 679 425 auras

59 449 196 503 hastarum
206 445 319 503 tremulo
328 447 483 519 quatiebant
491 444 595 518 spicula
603 451 687 500 motu.
814 458 852 501 cst

58 521 175 579 Vulnera
183 522 315 589 fecissent,
335 522 494 651 nisisetiper
503 521 572 576 inter
583 536 677 591 opacas

60 614 109 652 nec
118 596 212 653 iaculis
222 598 298 664 isset,
319 613 368 653 nec
376 614 445 669 equo
462 595 618 668 oecpervia,
637 592 729 650 silvas.

59 673 229 746 Persequitur
239 672 373 742 Telamon,
394 670 536 744 studioque
545 671 669 726 incautus
679 668 769 734 eundi,

59 765 160 820 pronus
171 749 204 804 ab
215 749 322 805 arborea
331 746 424 804 cecidit
435 746 522 802 radice
534 752 661 801 retentus.

59 825 129 878 Dum
140 822 209 879 levat
217 824 290 879 hunc
298 820 406 888 Peleus,
428 819 538 877 celerem
548 822 662 895 Tegeaea
673 821 795 896 sagittam
815 830 854 873 38⁰

61 899 189 970 imposuit
197 916 288 963 nervo,
308 897 467 969 sinuatoque
474 895 577 968 expulit
586 912 659 951 areu.

60 974 127 1027 Fixa
136 971 188 1027 sub
198 989 261 1027 aure
269 970 317 1026 feri
328 988 467 1025 summum
475 970 617 1028 destrinxit
624 968 726 1026 arundo

61 1063 171 1118 corpus,
189 1052 215 1099 et
223 1045 321 1118 exigno
333 1043 460 1099 rubefecit
471 1044 602 1117 sangnine
613 1051 691 1099 setas.

61 1121 115 1174 Nec
124 1129 212 1173 tamen
222 1119 267 1174 illa
277 1119 320 1173 sui
329 1135 453 1173 successu
464 1116 555 1173 laetior
563 1119 641 1183 ictus,

61 1210 145 1266 quam
153 1191 297 1266 Meleagros
307 1200 369 1246 erat.
399 1192 506 1246 Primus
515 1192 616 1248 vidisse
624 1198 742 1263 putatur,
819 1203 857 1245 sot

62 1276 88 1324 et
94 1271 199 1340 primus
209 1268 288 1323 sociis
298 1266 388 1322 rmum
397 1265 686 1322 ostendissecruorem:

62 1352 88 1399 et
96 1343 229 1408 Meritum,
249 1340 359 1406 dixisse,
379 1339 446 1396 feres
456 1340 562 1397 virtutis
571 1341 709 1397 honorem.

61 1419 199 1474 Erubuere
207 1416 273 1482 viri,
294 1415 572 1488 sequeexhortantur,
593 1423 619 1471 et
628 1415 730 1471 addunt

62 1510 125 1548 oum
134 1491 248 1548 clamore
256 1492 374 1559 animos,
395 1491 549 1565 iaciuntque
560 1491 618 1548 sine
628 1491 720 1547 ordine
729 1491 788 1546 tela.

63 1568 152 1623 Turba
163 1575 238 1624 nocet
245 1568 330 1634 iactis,
351 1574 385 1634 et,
406 1585 475 1640 quos
485 1568 558 1640 petit,
580 1566 691 1639 impedit
701 1566 779 1622 ictus.
820 1576 858 1618 cao

61 1645 130 1698 Ecce
139 1641 230 1700 furens
240 1650 329 1699 eontra
341 1660 391 1698 sua
400 1642 453 1699 iata
461 1642 614 1715 bipennifer
622 1643 713 1708 Arcas,

62 1719 167 1784 Discite,
188 1717 311 1774 femineis
322 1718 389 1791 quid
399 1717 450 1773 tela
459 1718 547 1775 virilia
557 1724 698 1791 praestent,

62 1793 211 1860 oiuvenes,
234 1795 361 1866 operique
370 1810 430 1849 meo
440 1793 582 1860 concedite,
604 1792 683 1847 dixit.

62 1872 122 1941 Ipsa
131 1869 189 1924 suis
199 1868 259 1925 licet
266 1870 341 1925 hune
348 1869 458 1925 Latonia
470 1876 589 1942 protegat
598 1867 694 1934 armis;

63 1945 146 2000 invita
155 1953 244 2000 tamen
255 1943 328 2001 hune
336 1944 449 2016 perimet
460 1961 519 1999 mea
529 1943 620 1999 dextra
632 1942 724 1998 Diana.
821 1949 860 1992 395

63 2019 136 2072 Talia
145 2019 318 2093 magniloquo
327 2018 448 2075 tumidus
458 2026 648 2076 memoraverat
659 2034 715 2073 ore:

64 2093 259 2165 ancipitemque
267 2111 351 2150 manu
360 2092 454 2150 tollens
464 2101 577 2166 uaeque
585 2092 711 2156 securim,

65 2165 194 2221 institerat
202 2167 229 2222 di
250 2168 307 2234 tis,
326 2168 428 2241 primos
437 2185 586 2240 suspensus
596 2168 625 2224 in
635 2174 718 2222 artus.

65 2239 207 2311 Occupato
245 2249 342 2310 entem,
363 2242 703 2316 quaquaestviaproxima
716 2236 776 2300 leto,

65 2313 254 2369 summaferus
262 2318 384 2388 geminos
393 2317 527 2372 dnexitin
541 2315 764 2391 inguinadentes.
822 2316 862 2362 too

66 2386 331 2445 Conciditdneaaus:
351 2390 549 2466 glomerataque
558 2392 689 2464 sanguine
698 2383 782 2441 multo

66 2464 167 2519 viscera
178 2461 252 2535 lapsa
261 2460 362 2520 fluunt:
373 2465 572 2538 madefactaque
581 2474 649 2521 terra
658 2478 750 2518 cruore
759 2467 806 2516 est.

67 2540 124 2594 ibat
133 2539 161 2594 in
172 2538 328 2605 adversum,
350 2539 438 2611 proles
450 2542 565 2605 Ixionis,
586 2541 688 2594 hostem

67 2614 211 2679 Pirithous,
232 2611 320 2669 valide
332 2614 455 2686 quatiens
464 2613 723 2672 venabuiadexma.
