1874 2940
161 115 213 172 tta
350 120 379 166 1².
400 120 529 169 ovrnu
546 121 713 167 ussurus

159 223 208 278 Est
217 221 302 279 honor
310 228 337 276 et
345 221 477 279 lacrimis:
497 221 648 293 stillataque
656 222 750 278 cortice
758 222 869 295 Myrrha

161 315 258 354 nomen
268 297 351 353 herile
360 306 438 364 tenet,
459 296 587 369 nulloque
597 297 724 352 tacebitur
734 314 809 353 aevo.

196 371 232 428 At
241 371 311 428 male
318 382 461 446 conceptus
470 372 522 428 sub
532 372 624 428 robore
633 379 749 427 creverat
758 369 859 440 inians,

160 449 355 523 quaerebatque
367 450 449 514 uam,
470 463 571 519 quase,
591 448 723 520 genetrice
734 446 835 513 relicta,

106 533 145 579 555
160 531 299 580 exsereret.
328 523 414 580 Media
423 521 551 596 gravidus
562 528 645 576 tumet
654 522 745 577 arbore
755 532 858 581 venter.

161 598 256 653 Tendit
264 615 333 654 onus
343 605 463 651 matrem:
476 612 524 651 nec
533 595 633 650 hahent
641 613 690 650 sua
699 597 781 652 verba
790 597 907 672 dolores3

161 690 210 728 nec
218 672 319 727 Lucina
331 678 415 742 potest
423 670 551 741 parientis
560 687 624 725 voce
632 671 729 725 vecari.

161 746 260 801 Nitenti
270 753 358 799 umen
368 744 524 810 estsimilis,
545 752 706 816 curvataque
714 745 821 803 crebros

161 820 205 874 dat
213 819 330 892 gemitus
339 818 432 883 arhor,
452 817 623 892 lacrimisque
632 819 788 876 cadentibus
801 822 904 880 humet.

108 905 146 947 555
162 892 283 949 Constitit
291 891 326 947 ad
336 910 424 950 ramos
435 894 509 950 mitis
520 896 622 952 Lucina
632 894 760 961 delentes,

161 966 332 1041 admovitque
341 987 449 1038 manus,
471 977 497 1027 et
505 971 587 1028 verba
595 988 724 1043 puerpera
733 970 810 1025 dixit.

160 1041 246 1099 Arbor
255 1044 311 1118 agit
319 1045 411 1114 rimas,
430 1047 548 1104 etscissc
557 1049 653 1104 cortice
661 1047 756 1102 vivum

160 1117 245 1174 reddit
254 1138 337 1191 onus;
358 1122 484 1198 vagitque
492 1141 573 1195 puer:
587 1140 671 1196 quem
678 1120 805 1177 mollibus
815 1121 908 1182 herbis

161 1194 258 1251 Naides
269 1197 425 1270 impositum
435 1198 551 1254 lacrimis
561 1215 662 1255 unxere
671 1197 798 1269 parentis.

108 1280 146 1324 555
160 1270 291 1328 Laudaret
300 1273 393 1330 faciem
404 1274 598 1348 livorquoque.
627 1272 722 1344 Qualia
732 1288 851 1343 namque

161 1363 269 1419 corpora
279 1348 413 1405 nudorum
422 1349 512 1404 tabula
521 1350 672 1423 pinguntur
680 1347 820 1411 Amorum,

162 1419 221 1475 talis
231 1430 299 1476 erat:
320 1423 376 1486 sed,
396 1440 431 1478 ne
440 1422 517 1478 iaciat
526 1423 681 1479 discrimina
692 1421 791 1485 cultus,

161 1494 447 1561 authuicaddeleves‚
466 1497 663 1552 antillisdeme
672 1496 818 1567 pharetras.

160 1567 272 1622 Labitur
283 1566 385 1622 occulte
392 1565 514 1640 fallitque
524 1570 638 1626 volatilis
648 1577 728 1636 aetas,

108 1653 147 1696 52⁰
161 1647 186 1695 et
199 1639 267 1696 nihil
280 1648 320 1696 est
329 1641 408 1696 annis
418 1641 545 1698 velocius.
574 1643 631 1707 lile,
651 1660 740 1698 sorore

162 1722 241 1770 natus
253 1732 424 1788 avoquesuo,
447 1717 505 1789 qui,
526 1717 649 1773 conditus
658 1717 750 1773 arbore
760 1734 856 1786 nuper,

162 1806 248 1860 nuper
257 1797 312 1845 erat
321 1793 438 1864 genitus,
460 1792 539 1848 mede
547 1791 757 1848 formosissimus
766 1789 866 1856 inians,

161 1863 340 1931 iamiuvenis‚
361 1866 478 1932 iamvir,
498 1868 591 1921 iamse
603 1863 872 1930 iemcsicripeoest3

161 1935 215 1990 iam
224 1935 309 2007 placet
318 1947 344 1994 et
352 1941 457 2006 Veneri,
478 1941 625 2011 matrisque
633 1935 770 1992 ulciscitur
778 1931 865 2002 ignes.

109 2022 147 2066 525
161 2011 283 2083 Namque
291 2013 458 2083 pharetratus
466 2014 533 2070 dum
543 2015 588 2068 dat
596 2028 664 2083 puer
672 2005 764 2064 oscula
772 2006 860 2075 matri,

162 2085 263 2142 inscius
276 2090 388 2144 essunti
398 2085 672 2144 distrinxitanundine
680 2090 780 2154 pectus.

162 2162 244 2217 Laesa
254 2180 336 2218 manu
346 2171 439 2218 natum
448 2163 497 2218 dea
507 2161 617 2233 repulit:
637 2158 816 2215 altiusactum

162 2235 327 2294 vuinuserat
336 2239 433 2311 specie,
451 2239 593 2310 primoque
602 2233 726 2292 lelellerat
737 2236 834 2309 ipsam.

163 2313 245 2386 Capta
254 2313 305 2370 riri
318 2313 402 2371 lerma
411 2330 465 2370 nen
478 2312 531 2366 iam
542 2311 680 2387 Cythereia
689 2322 764 2369 curat

109 2397 148 2442 535
163 2387 264 2446 littora:
285 2407 340 2446 non
349 2389 400 2446 alte
410 2387 503 2460 repetit
512 2389 620 2462 Paphon
630 2408 743 2463 aequore
751 2390 874 2455 cinctam,
902 2440 905 2445 .

163 2463 350 2539 piscosamque
377 2463 500 2531 Gnidon,
526 2467 719 2541 grnmdamque
740 2464 906 2522 Amathunta

639 2541 753 2610 metalli3

139 2611 405 2680 abstinetecccclc:
426 2615 499 2680 coelo
509 2617 654 2697 praelertur
665 2616 773 2675 Adonis.

206 2878 235 2904 Δ
