1874 2940
191 145 570 191 METAMORPHOSEON
587 147 657 190 LIB.
676 148 698 191 1.
785 142 815 192 13

71 246 266 317 Namqueego‚
287 244 363 299 crede
373 244 455 310 mihi,
476 244 818 317 sitequoquepoutusha·

605 320 686 385 berei,

71 401 95 447 te
105 409 230 463 sequerer
240 393 347 458 coniux,
368 401 394 446 et
403 410 445 447 me
454 409 562 464 quoque
571 401 668 464 pontus
678 393 794 449 haberet.

72 466 207 522 Outinam
220 483 326 537 possem
336 466 449 537 populos
458 484 579 538 reparare
591 470 707 538 paternis

72 541 188 606 artibus,
209 547 289 612 atque
298 542 402 596 animas
413 540 538 597 formatae
549 541 688 596 infundere
698 546 793 598 terrae!

71 616 149 670 Nune
159 633 245 688 genus
259 616 285 668 in
301 615 378 670 nobis
388 624 468 671 restat
477 615 587 671 mortale
596 616 716 685 duobus;
832 631 870 673 aas

70 691 109 744 sie
121 691 211 745 visum
222 696 262 744 est
270 689 393 761 Superis:
415 691 611 763 hominumque
623 689 744 762 exempla
759 709 817 746 ma-

165 791 170 798 ·
605 783 711 820 nemus.

70 837 188 903 Dixerat,
210 836 351 892 etssehant.
381 837 483 894 Placuit
492 837 602 894 eoeleste
611 841 712 910 precari

70 929 181 977 numen,
202 918 227 966 et
238 912 371 968 auxilium
383 930 431 984 per
440 930 528 968 sacras
537 931 664 985 quaerere
673 922 765 970 sortes.

69 985 150 1040 Nulla
160 1002 233 1040 mora
242 994 296 1056 est3
317 988 416 1042 adeunt
424 988 521 1058 pariter
531 987 687 1059 Cephisidas
697 989 793 1053 undas,

70 1067 101 1114 ut
111 1059 231 1115 nondum
241 1059 374 1133 liquidas,
395 1062 495 1116 siciam
507 1061 574 1117 vada
586 1069 646 1117 nota
656 1071 783 1118 secantes.
831 1076 869 1117 350

69 1134 134 1188 lude
142 1134 190 1188 ubi
200 1134 294 1191 libatas
303 1137 448 1190 irroravere
458 1135 574 1205 liquores

69 1209 190 1263 vestibus
200 1215 226 1260 et
234 1209 328 1276 capiti3
349 1207 457 1260 flectunt
466 1207 578 1276 vestigia
588 1214 691 1261 sanetae

70 1282 105 1335 ad
115 1280 226 1333 delubra
235 1279 312 1332 deae:
333 1295 448 1349 quorum
460 1277 565 1350 fastigia
578 1281 648 1348 turpi

70 1352 207 1424 pallebant
215 1367 322 1420 museo3
344 1351 502 1423 stabantque
511 1351 570 1405 sine
580 1352 687 1425 ignibus
699 1371 767 1411 arae.

70 1427 106 1481 Ut
115 1424 206 1496 tempii
217 1424 324 1498 tetigere
332 1423 446 1498 gradus3
467 1427 617 1497 procumbit
626 1434 736 1500 uterque
830 1447 868 1488 375

69 1517 174 1575 pronus
184 1499 270 1565 humi,
290 1500 803 1574 gelidoquepavensdeditoscuiasaxo.

69 1575 216 1648 Atqueita.
237 1574 265 1629 Si
274 1576 413 1647 precibus,
434 1576 572 1642 dixerunt,
594 1578 705 1633 numina
716 1580 793 1635 iustis

69 1652 138 1707 vieta
149 1648 343 1716 remolleseunt,
365 1650 389 1704 si
399 1649 558 1706 flectiturira
568 1651 693 1720 deorum;

69 1726 122 1791 dic,
138 1725 241 1790 Themi,
253 1743 307 1796 qua
316 1725 422 1798 generis
435 1725 565 1780 damnum
575 1726 721 1797 reparabile
730 1729 812 1783 nostri

69 1800 183 1865 artesii,
204 1807 229 1853 et
240 1800 335 1853 mersis
344 1799 383 1853 ier
393 1817 485 1871 opem,
506 1801 658 1867 mitissima,
679 1802 769 1856 rebus.
829 1813 868 1854 380

69 1875 137 1930 Mota
147 1873 195 1927 dea
205 1880 253 1938 est,
274 1881 427 1946 sortemque
436 1874 520 1929 dedit:
542 1875 791 1947 Disceditetemp103

68 1947 187 2004 etvelata
196 1955 284 2018 caput,
305 1949 459 2021 cinctasque
467 1948 589 2004 resolvite
602 1958 686 2005 vestes

68 2039 181 2094 ossaque
190 2029 250 2093 post
259 2030 363 2097 tergum
373 2041 485 2098 magnae
494 2024 585 2078 iactate
599 2025 723 2094 parentis.

69 2097 237 2169 Obstupuere
246 2097 309 2153 diu:
331 2098 457 2171 rupitque
466 2097 569 2152 silentia
580 2115 644 2154 voce

68 2171 170 2245 Pyrrha
179 2172 264 2243 prior,
285 2173 422 2244 iussisque
430 2172 494 2227 deae
502 2189 594 2243 parere
604 2178 719 2226 recusat:
829 2179 866 2220 385

69 2246 165 2316 detque
175 2246 227 2299 sibi
237 2247 353 2312 veniam,
374 2247 471 2318 pavido
481 2253 555 2318 rogat
564 2263 623 2299 ore:
643 2251 774 2315 pavetque

69 2319 170 2374 laedere
179 2321 281 2376 iactatis
291 2329 423 2375 maternas
436 2320 542 2374 ossibus
553 2320 673 2372 umbras.

69 2394 169 2448 interea
179 2402 300 2465 repetunt
309 2396 392 2449 caecis
402 2394 513 2449 obscura
525 2392 632 2446 latebris

70 2468 151 2522 verba
161 2467 236 2522 datae
245 2470 323 2523 sortis
334 2485 439 2531 seeum,
461 2467 528 2520 inter
538 2461 758 2533 sequevolutant.

69 2542 134 2596 Inde
143 2543 324 2598 Promethides
333 2535 722 2616 prauusappareamus,
772 2601 778 2609 ἱ

64 2617 180 2687 marcet,
202 2626 245 2690 et,
268 2619 441 2684 auersum,
461 2615 518 2678 su..
537 2601 823 2664 assumam
