1874 2940
140 114 172 167 40
318 117 346 162 Ρ.
367 114 495 162 ovum
512 116 681 163 NASONIS

86 228 125 274 400
139 225 164 273 04
174 217 225 271 sibi
235 214 358 287 praeferri
369 215 516 288 segaudet.
538 223 564 270 et
572 213 662 270 oscula
672 214 770 287 iungit,

140 309 188 347 nee
198 291 330 345 moderata
339 290 413 353 satis.
435 307 483 344 nee
492 290 531 344 sic
543 306 558 343 a
570 289 780 361 virginedauda.

140 365 199 432 Qua
211 374 304 419 venata
314 363 380 419 foret
388 362 455 418 silva
467 381 573 418 narrare
584 371 719 434 parantem

140 439 250 511 impedit
260 437 399 509 amplexu:
423 438 697 493 neesesineerimine
710 437 806 508 prodit.

140 513 187 568 Illa
198 513 305 585 quidem
316 521 421 573 contra.
440 521 573 583 quantum
583 512 661 567 modo
672 510 769 565 femina
780 521 882 583 posset;

88 596 126 643 430
140 587 299 660 (adspiceres
309 588 423 648 utinam,
445 585 579 651 Saturnia,
600 586 690 641 mitior
699 602 770 639 esses
779 586 797 658 1)

141 662 185 716 illa
195 662 304 735 quidem
315 670 430 734 pugnat:
453 661 499 714 sed
510 678 579 733 quae
588 677 713 731 superare
723 658 821 730 puella,

141 738 329 808 quisvelovem
342 733 459 806 poterat?
472 734 605 806 Superum
617 734 681 804 petit
690 734 794 788 aethera
803 736 885 793 victer

143 811 255 882 Iupiter:
278 810 341 863 huie
349 809 410 863 odio
420 825 515 862 nemus
524 816 564 862 est
573 817 599 862 et
608 807 713 862 conscia
723 807 805 876 silva3

142 884 213 938 unde
223 882 316 954 pedem
327 881 440 937 referens
449 899 531 953 paene
540 891 580 936 est
590 881 671 937 oblita
681 882 831 952 pharetram

88 966 127 1013 440
142 958 299 1013 tullerecum
313 956 380 1020 telis,
401 965 435 1021 et,
455 973 535 1027 quem
549 955 733 1027 suspenderat,
753 973 856 1011 arcum.

178 1033 245 1087 Eece
253 1048 303 1086 suo
312 1032 432 1085 comitata
443 1031 522 1085 choro
531 1032 661 1104 Dictynna
672 1048 718 1101 per
727 1029 811 1085 altum

143 1105 280 1163 Maenalon
291 1105 453 1179 ingrediens,
473 1113 499 1159 et
507 1105 586 1159 caede
595 1105 709 1175 superba
721 1103 846 1170 ferarum,

141 1181 254 1254 adspicit
264 1181 341 1244 hane,
362 1180 503 1251 visamque
513 1187 594 1235 vocal.
627 1177 745 1234 Clamata
757 1178 866 1252 refugit;

141 1267 166 1311 et
175 1256 264 1312 timuit
273 1257 370 1327 primo,
390 1272 424 1309 ne
437 1255 535 1325 Iupiter
543 1261 613 1308 esset
622 1253 649 1307 ln
661 1251 716 1307 illa.

88 1340 126 1387 440
141 1331 191 1386 Sed
202 1340 343 1403 postquam
354 1329 452 1399 pariter
464 1329 604 1399 Nymphas
619 1327 738 1381 incedere
747 1325 828 1392 vidit;

141 1401 886 1470 sensitabessedolm:numerumqueeeeessitadharum.

141 1479 198 1530 lleu
211 1492 294 1544 quam
306 1472 414 1526 difficile
424 1481 478 1534 est,
499 1474 599 1526 crimen
611 1489 662 1525 non
674 1473 783 1540 prodere
792 1473 886 1530 vultul

143 1549 197 1604 Vix
205 1544 296 1600 oculas
306 1542 400 1596 attollit
410 1542 507 1598 humo:
530 1561 586 1607 nee,
606 1551 707 1597 utente
715 1544 824 1610 solebat,

142 1619 232 1673 iuncta
242 1617 305 1671 deae
315 1615 404 1681 lateri,
424 1633 472 1671 nec
483 1624 534 1671 4040
544 1625 583 1672 est
595 1617 702 1690 agmine
711 1618 810 1687 prima:

89 1703 128 1747 400
142 1692 189 1747 sed
202 1691 275 1760 silet;
296 1700 322 1746 et
331 1690 394 1746 laesi
405 1691 535 1765 datsigna
546 1693 641 1747 rubore
650 1691 774 1762 pudoris:

143 1774 177 1832 et,
198 1768 250 1823 nisi
261 1768 333 1839 quod
344 1768 420 1841 virgo
429 1776 478 1831 est,
499 1775 599 1838 poterat
607 1767 704 1822 sentire
717 1768 799 1823 Diana

143 1841 216 1897 mille
229 1844 297 1899 notis
309 1844 426 1915 eulpam.
458 1844 598 1918 Nymphae
607 1843 724 1898 sensisse
734 1842 865 1900 feruntur.

143 1914 213 1970 Orbe
222 1921 395 1991 resurgebant
404 1919 520 1974 Lunaria
529 1936 627 1973 cornua
637 1935 721 1984 n0n0;

144 2007 230 2062 quum
240 1991 288 2044 dea
299 1993 428 2057 venatrix,
449 1992 570 2047 fraternis
581 1992 706 2065 languida
717 1990 842 2055 flammis,

90 2073 129 2121 405
144 2071 218 2119 nacta
229 2081 323 2118 nemus
332 2066 465 2137 gelidum,
475 2067 567 2138 dequo
576 2085 638 2122 curu
647 2083 786 2121 murmure
797 2064 890 2120 labens

143 2139 199 2194 ibat
207 2146 234 2192 et
242 2138 342 2192 attritas
352 2141 473 2194 versabat
483 2141 558 2195 rivus
568 2157 675 2207 arenas;

144 2220 175 2267 ut
186 2212 239 2267 loca
251 2210 381 2277 laudavit,
403 2231 523 2269 summas
533 2215 599 2285 pede
612 2214 723 2288 contigit
734 2212 831 2269 undas.

144 2287 193 2342 llis
202 2302 310 2359 quoque
321 2285 443 2351 laudatis,
455 2288 547 2344 Procul
560 2296 609 2352 est,
621 2289 667 2352 ait,
678 2289 776 2343 arbiter
784 2286 887 2343 omnis:

136 2361 217 2415 >nuda
226 2358 376 2432 superfusis
387 2362 522 2435 tingamus
530 2380 638 2434 corpora
653 2361 782 2433 lymphis.

91 2442 130 2490 ltu
144 2435 283 2490 Parrhasis
293 2434 409 2489 erubuit.
441 2435 556 2490 Cunctae
566 2436 697 2490 velamina
708 2441 825 2507 ponunt:

145 2526 199 2564 una
210 2527 297 2565 moras
307 2508 426 2579 quaerit:
447 2509 578 2563 dubitanti
590 2510 670 2563 vestis
680 2511 783 2564 ademta
792 2515 846 2566 est:

137 2600 196 2650 qua
197 2584 292 2651 posita
299 2583 376 2640 nudo
380 2583 542 2655 patuiteum
551 2599 658 2656 corpore
666 2583 777 2639 crimen.
