1874 2940
136 118 186 176 27⁰
320 122 351 169 Ρ.
372 121 499 171 ovmn
515 123 681 173 NASONIS

138 244 172 280 en
182 241 240 279 mee
250 230 349 301 mutate
358 222 487 280 estiacies
498 222 577 280 nece?
594 222 719 294 Respice3
739 238 855 284 nosces:

84 313 123 357 tte
138 298 313 372 inveniesque
321 307 367 356 tuo
375 317 424 372 pro
433 300 545 372 coniuge
554 298 676 371 coniugis
687 295 827 355 umbram.

138 373 182 429 Nil
191 374 264 447 opis,
285 374 349 431 Helo
367 391 426 440 oue,
448 375 647 430 uobistuuvota
657 371 787 428 tulerunt.

139 447 307 506 Occidimus:
327 393 394 505 irdso
403 447 452 503 tibi
464 465 506 503 me
514 447 665 518 promittere
674 444 739 503 noli.

138 524 255 581 Nubilus
265 523 368 598 Aegaeo
376 521 514 594 deprendit
523 523 551 577 in
562 538 674 593 aequore
685 521 777 578 navim

140 599 245 665 Auster,
265 606 290 653 et
299 597 400 670 ingenti
410 598 530 651 iactatum
540 595 646 651 flamine
656 595 748 652 solvit:

86 686 126 731 tet
139 692 184 731 ora
204 679 345 738 uenostre,
366 679 443 725 tuum
452 669 549 725 frustra
558 669 698 726 clementie
707 686 817 737 nomeu,

140 693 399 819 impderuntssuctus.
429 745 488 799 Nou
498 745 562 800 haec
571 745 620 800 tibi
630 745 736 800 nuntiet
744 753 837 802 auctor

140 821 296 892 ambiguus:
319 835 372 873 uon
382 818 432 872 iste
443 819 518 892 vagis
531 820 683 876 rumoribus
694 818 786 874 audis:

141 893 198 1022 {9⁵⁰
207 910 254 967 ego
263 891 314 947 ieta
324 891 372 946 tibi
382 909 507 963 praesens
516 911 575 950 mea
586 893 729 968 naufragus
739 892 797 949 edo.

160 985 233 1041 urge,
241 965 341 1040 egedo
350 965 668 1044 lacrimes‚lugubrieque
676 968 772 1024 indue:
786 985 888 1028 usome

88 1054 127 1098 ete
141 1040 335 1114 indeploratum
345 1042 397 1101 sub
406 1044 496 1101 inanis
506 1046 612 1101 Tartaru
621 1045 704 1100 mitte.

141 1117 238 1174 Adiicit
247 1117 290 1177 his
299 1136 390 1177 vocem
401 1120 558 1194 Morpheus,
578 1138 660 1193 quem
669 1117 790 1191 coniugis
800 1117 846 1174 ilie

142 1194 386 1252 crederetessesui.
416 1195 507 1252 Fletus
516 1213 624 1268 quoque
632 1193 742 1251 fundere
751 1210 829 1248 veros

142 1270 219 1325 visus
228 1279 297 1327 erat:
317 1279 477 1346 gestumque
486 1288 582 1327 manus
593 1269 685 1344 Ceycis
695 1267 818 1325 habebut.

142 1346 256 1423 Ingemit
264 1347 396 1420 Halcyone
406 1345 561 1413 lacrimans,
582 1342 834 1416 motetquelaoeoos

90 1431 129 1476 ote
142 1438 189 1492 per
200 1439 339 1476 somnum:
357 1438 507 1494 corpusque
514 1428 606 1492 petens
616 1418 883 1490 amplectitur-auras3

143 1493 336 1567 exclamatque,
358 1494 445 1550 Mene.
475 1493 667 1565 Quotsrepis‘?
693 1493 796 1549 Ibimus
805 1510 870 1548 uns.

142 1567 211 1622 Voce
220 1566 263 1620 sui
272 1570 412 1640 specieque
421 1568 472 1624 viri
483 1568 585 1622 turbata
596 1584 716 1638 soporem

143 1640 254 1695 excutit:
275 1647 301 1695 et
309 1640 397 1712 primo
406 1643 430 1697 si
441 1643 478 1697 sit
486 1641 666 1711 circumspicit
675 1640 739 1706 illie,

143 1715 191 1787 qui
201 1714 278 1773 modo
287 1715 364 1772 visus
372 1724 440 1772 eret:
462 1733 524 1774 eam
534 1715 599 1771 moti
607 1731 671 1773 vocs
681 1715 797 1771 ministri

90 1799 129 1844 ete
144 1788 286 1846 intulerant
295 1789 396 1847 lumen.
425 1792 569 1864 Postquam
580 1808 633 1848 uon
642 1789 745 1845 invenit
755 1806 884 1858 usquam,

143 1863 307 1933 percutitore
319 1881 415 1920 manu:
436 1865 706 1938 laniatqueepectore
716 1868 816 1916 vestes:

143 1936 444 2009 pectorequeipseferit.
473 1940 527 1994 Neo
534 1939 620 1993 crines
632 1934 838 1991 solvereourens

144 2007 253 2065 scindit:
274 2015 299 2066 et
308 2009 402 2076 ultrici,
423 2011 701 2082 queeluetuecauese‚
722 2005 834 2078 roganti,

143 2082 223 2141 Nulla
232 2089 272 2139 est
280 2081 422 2160 Halcyone,
444 2083 578 2148 nullasu,
598 2081 648 2136 eit:
668 2079 827 2138 occiditune

90 2172 130 2217 ete
144 2177 206 2217 cum
216 2157 299 2235 Ceyce
308 2175 367 2217 suo.
395 2155 700 2217 Solandstolliteverbe.

144 2233 294 2309 Naufragus
303 2233 411 2289 interiit.
440 2233 516 2300 Vidi,
536 2232 695 2306 agnovique,
715 2251 866 2307 munusque

145 2312 179 2365 ed
188 2308 379 2378 discedentem·
394 2309 505 2382 cupiens
515 2309 633 2376 retinere,
655 2309 762 2366 tetendi.

144 2385 244 2442 Umbra
253 2385 318 2441 fuit:
329 2384 375 2442 sed
385 2393 411 2441 et
419 2385 514 2443 umbre
523 2391 611 2442 umen
620 2384 768 2453 manifeste,
779 2385 886 2456 virique

145 2460 279 2517 veramei.
308 2463 368 2519 Non
377 2460 422 2519 ille
433 2459 552 2534 quidem,
572 2461 597 2518 si
607 2462 724 2536 quaeris,
745 2461 858 2519 hebebet

91 2544 132 2588 tto
146 2544 264 2592 assuetos
274 2537 381 2595 vultus:
402 2553 459 2603 nec,
480 2553 534 2611 quo
542 2538 618 2609 prius
627 2555 680 2604 ore,
702 2537 809 2593 nitebat.

135 2607 295 2682 Pelleutem,
317 2612 487 2692 nudumque,
507 2613 763 2673 etedhuohumeute
771 2607 867 2680 capitio
