1904 2940
96 111 130 163 94
272 117 299 162 Ρ.
321 115 447 163 0v1n11
465 117 634 163 NASONIS
695 118 699 125 '

95 234 192 289 magne
203 216 312 288 quidem
324 235 416 288 posco:
438 217 484 272 sed
494 228 523 272 tu
535 217 660 272 miserere
668 232 803 283 meorum,

95 291 184 345 iactari
194 309 263 362 quos
272 293 358 347 cernis
368 293 395 347 in
406 293 479 347 Ionio
488 293 634 348 immenso:

42 378 80 421 535
95 374 120 421 et
129 366 171 420 dis
181 366 247 421 adde
256 367 320 422 tuis.
349 366 446 438 Aliqua
456 367 557 421 etmihi
567 365 651 440 gratie
661 372 742 439 ponto
751 373 803 432 est,

96 441 119 495 si
129 448 216 496 tamen
226 442 255 495 iu
265 441 352 497 medio
361 441 496 512 quondam
509 449 628 496 concrete
641 440 774 513 profundo

96 532 193 587 spuma
202 515 256 583 fui,
277 517 442 588 Graiumque
450 526 539 570 manet
549 515 618 570 mihi
628 533 725 570 nomen
737 515 772 570 ab
782 514 839 573 itta.

96 591 200 646 Annuit
208 592 291 647 oranti
304 592 455 661 Neptunus,
474 589 695 656 etabstulitillis‚

97 666 169 737 quod
183 664 365 733 mortaleiuit3
386 665 602 738 maiestatemque
612 664 756 721 verendam

44 746 82 793 etc
97 739 238 811 imposuit;
260 757 411 812 nomenque
419 739 502 795 simul
511 739 660 812 faciemque
669 738 793 796 novavit:

98 814 297 885 Leucothoeque
306 813 387 869 deum
396 831 459 869 eum
468 822 551 870 matre
562 814 720 871 Palaemone
728 813 809 871 dixit.

135 887 258 944 Sidoniae
269 889 388 955 comites,
408 897 541 961 quantum
552 889 661 946 valuere
669 895 784 957 soeutae,

98 962 175 1035 signa
185 962 284 1034 pedum
294 963 382 1035 primo
389 964 479 1020 videre
492 964 638 1020 novissima
648 982 727 1021 sexo:

98 1054 147 1093 nec
156 1037 270 1093 dubium
280 1039 313 1093 de
322 1047 405 1095 morte
414 1046 498 1106 ratae,
517 1039 661 1096 Cadmeida
669 1039 767 1112 palmis

45 1119 84 1167 505
98 1111 258 1184 deplanxere
266 1114 387 1182 domum,
408 1115 499 1170 scissis
509 1132 572 1170 cum
581 1123 654 1170 veste
666 1113 786 1187 capillis3

100 1195 183 1260 utque
192 1205 287 1261 parum
301 1190 386 1247 iustae
394 1190 564 1263 nimiumque
573 1190 602 1246 in
611 1189 705 1263 pellice
714 1205 818 1255 000000,

100 1263 229 1320 invidiam
239 1263 322 1321 fecere
331 1267 404 1323 deae.
434 1266 638 1323 Conviciuluno

100 1357 152 1395 non
165 1340 239 1396 tulit:
260 1348 298 1406 et,
319 1343 425 1397 Faciam
437 1339 705 1414 vosipsasmaxima‚
725 1336 803 1401 dixit,

100 1414 224 1468 saevitiae
233 1424 404 1470 monumenta
414 1434 497 1472 meae.
526 1418 578 1470 'Res
588 1415 656 1469 dicta
665 1419 754 1467 secuta
764 1417 813 1464 est.

46 1498 85 1540 550
100 1488 168 1541 Nam
177 1504 245 1557 quae
254 1489 394 1561 praecipue
402 1488 486 1543 fueret
495 1489 550 1559 pie,
566 1489 721 1556 Persequar,
741 1483 840 1551 inquit,

101 1559 348 1633 iniretareginam:
370 1560 522 1632 saltumque
530 1560 633 1624 dature,
654 1555 755 1612 moveri

101 1633 174 1688 haud
183 1651 299 1706 usquam
310 1635 404 1705 potuit,
424 1633 587 1705 scopuloque
596 1631 675 1686 affixa
686 1627 811 1685 cohaesit.

101 1707 198 1773 Altera,
218 1709 284 1764 dum
294 1709 370 1764 solito
380 1716 461 1763 tentat
470 1707 596 1780 plangore
604 1705 682 1760 ferire

101 1792 219 1855 pectore,
240 1791 350 1839 tentatos
360 1783 439 1837 sentit
448 1783 562 1855 riguisse
575 1781 694 1837 lacertos.

49 1871 87 1912 555
102 1857 159 1923 Ille,
181 1877 277 1914 munus
286 1867 317 1914 ut
324 1857 389 1914 forte
399 1858 540 1912 tetenderat
549 1857 578 1911 in
588 1854 669 1910 maris
679 1852 775 1919 undas,

101 1950 180 1987 saxee
190 1931 256 1988 facte
266 1951 363 1988 manus
373 1933 401 1987 in
414 1932 519 1988 eusdem
529 1930 640 2004 porrigit
648 1930 748 1985 undas:

102 2007 194 2073 huius,
215 2016 245 2062 ut
255 2015 388 2080 arreptum
399 2006 514 2062 laniabat
523 2007 619 2062 vertice
626 2006 737 2070 crinem,

102 2082 210 2137 duratos
220 2083 309 2138 subito
317 2082 415 2155 digitos
428 2082 456 2137 in
465 2082 539 2137 crine
547 2081 660 2137 videres.

103 2156 162 2223 Quo
173 2174 296 2229 quaeque
305 2158 333 2212 in
341 2164 419 2230 gestu
428 2157 555 2228 deprensa
567 2163 615 2221 est,
636 2155 721 2210 haesit
731 2154 758 2208 in
769 2151 824 2236 illo.

49 2243 89 2287 500
102 2233 166 2287 Pars
183 2231 304 2288 volucres
321 2232 417 2302 factae3
437 2249 507 2304 quae
526 2249 598 2317 nunc
615 2247 722 2359 qlilioque
740 2235 846 2302 gurgite

580 2324 627 2361 1n1
648 2323 664 2360 o

105 2398 218 2453 aequora
228 2381 393 2457 distringunt
400 2381 515 2437 summis
527 2380 681 2437 Cadmeides
692 2377 752 2432 alis.

141 2457 230 2511 Nescit
239 2457 401 2532 Agenorides
411 2465 498 2512 uatem
511 2473 679 2528 parvumque
689 2458 810 2525 nepotem

94 2533 223 2598 aequoris
234 2551 293 2589 esse
302 2534 375 2592 deos.
406 2534 493 2590 Luctu
506 2532 630 2607 serieque
636 2529 775 2585 muioium

81 2599 176 2671 uictus
200 2617 231 2663 et
239 2614 364 2682 ostentis,
389 2631 464 2691 quae
474 2607 731 2688 plurimuuidemt,
748 2600 806 2654 situ
