1874 2940
156 142 532 187 METAMORPHOSEON
549 145 619 188 LIB.
639 143 706 189 xm.
749 136 794 189 32!

59 241 161 313 quique
177 242 265 296 lovem
286 247 312 294 et
329 240 432 296 eoelum
454 258 564 367 spernof,
596 250 622 294 et
640 241 800 311 penetrabile

59 389 146 455 Nerei,
166 396 304 444 revereor:
324 395 370 444 tua
379 387 492 444 fulmine
502 314 710 443 saevddlrndrld’est.

59 464 147 534 Atque
154 479 203 538 ego
210 470 358 518 oontemtus
366 480 452 518 essem
461 462 600 535 patientior
611 462 704 528 huius,

60 540 84 592 si
96 537 200 611 lugeres
212 554 314 593 omnes.
344 537 466 604 Sedcur,
487 537 601 612 Cyclope
610 537 726 609 repulso,
815 548 854 592 888

61 612 220 679 Acinamas,
240 611 408 686 praefersque
416 613 483 668 meis
492 612 660 684 amplexibus
669 610 755 667 Acin?

62 686 442 761 Illetamenplaeeatquesibi‚
462 686 723 760 plaeeatquelieebit,

61 761 251 834 quoduollem,
272 762 387 830 Galatea,
407 762 470 818 tibi:
491 762 752 835 modoeopiadetur;

61 838 155 892 sentiet
163 854 221 893 esse
233 838 300 893 mihi
312 844 382 895 tantu
390 854 439 909 pro
449 854 558 910 eorpore
569 838 654 893 vires:

61 913 162 966 viscera
170 913 232 969 viva
241 912 354 978 traham,
374 912 534 984 divulsaque
542 914 661 968 membra
670 930 718 985 per
726 930 802 987 agros
817 924 856 968 885

62 1002 162 1056 perque
173 994 232 1041 tuas
242 1003 366 1058 spargam
375 986 424 1060 (sie
435 1005 464 1042 se
473 987 521 1042 tihi
531 988 661 1060 misceat)
673 987 769 1042 undas.

62 1061 128 1115 Uror
137 1060 220 1125 enim,
241 1059 382 1133 laesusque
390 1068 524 1117 exaestuat
533 1061 620 1116 aerius
633 1062 717 1134 ignis:

62 1150 179 1206 cumque
189 1134 246 1188 suis
255 1133 346 1190 videor
355 1135 507 1190 translatam
521 1135 625 1190 viribus
634 1134 746 1189 Aetnam

62 1207 241 1280 pecterelerre
249 1225 321 1264 meo:
342 1227 391 1265 nee
398 1217 438 1275 tu,
458 1209 574 1274 Galatea,
594 1209 718 1265 moveris.

64 1282 136 1339 Talia
146 1283 327 1356 nequidquam
336 1291 447 1357 questus
456 1283 528 1357 (nam
539 1291 634 1340 cuncta
642 1283 787 1359 videbam)
818 1296 856 1340 888

64 1360 163 1432 surgit:
184 1365 210 1415 et
218 1366 249 1413 ut
257 1366 359 1426 taurus,
378 1375 458 1414 vauca
466 1357 629 1414 furibundus
639 1358 751 1425 ademta,

64 1442 132 1487 stare
141 1432 243 1505 nequit,
263 1431 385 1506 silvaque
392 1441 418 1489 et
427 1434 497 1491 uotis
506 1433 619 1490 saltibus
628 1441 708 1489 errat:

64 1525 150 1581 quum
159 1506 232 1562 ierus
240 1507 356 1582 ignaros,
376 1526 425 1564 nee
433 1509 582 1583 quidquam
592 1509 643 1566 tale
651 1510 782 1574 timentes,

64 1581 367 1654 meridetatquedcin:
387 1584 524 1658 videoque
533 1585 671 1651 exclamat,
691 1593 717 1640 et
726 1586 776 1641 ista

63 1657 159 1714 ultima
168 1658 217 1723 sit,
237 1657 346 1726 laeiam,
366 1660 476 1716 Veneris
485 1660 623 1716 eoneerdia
633 1668 744 1716 vestrae.
820 1671 858 1713 tta

65 1734 201 1803 Tantaque
210 1750 272 1797 vox,
292 1743 419 1805 quantam
430 1734 542 1809 Cyclops
552 1736 635 1789 iratus
645 1733 741 1788 habere

65 1806 165 1872 debuit,
185 1806 230 1862 illa
241 1807 300 1862 luit.
330 1808 449 1866 Clamore
459 1810 609 1881 perhorruit
617 1809 710 1865 Aetna.

64 1885 113 1937 Ast
121 1899 171 1956 ego
179 1883 267 1939 vicino
275 1883 410 1956 pavefacta
418 1885 471 1940 sub
480 1902 593 1957 aequore
601 1902 720 1960 mergor:

64 1966 136 2032 terga
149 1956 228 2033 fugae
238 1959 345 2016 dederat
351 1978 476 2017 eonversa
485 1960 654 2036 Symaethius
664 1961 755 2017 heros:

65 2040 104 2100 et,
125 2034 175 2088 Fer
193 2051 285 2107 opem,
306 2035 426 2102 Galatea,
446 2053 552 2108 precor,
573 2037 655 2091 mihi:
677 2036 740 2091 ferte
759 2054 806 2107 pa-

555 2119 651 2177 rentes,
821 2120 859 2163 880

65 2180 176 2248 dixerat,
196 2184 325 2239 etvestris
333 2185 481 2255 periturum
492 2184 620 2240 admittite
630 2185 729 2256 regnis.

65 2257 218 2329 Insequitur
227 2256 354 2332 Cyclops,
375 2255 796 2331 partemqueemonterevulsam

66 2332 160 2401 mittit;
180 2341 215 2399 et,
235 2340 368 2387 extremus
375 2334 502 2403 quamvis
510 2335 630 2404 pervenit
639 2330 759 2385 adillum

66 2405 289 2480 angulusesaxo,
309 2413 394 2462 totum
404 2414 492 2462 tamen
503 2409 591 2463 obruit
600 2405 673 2461 Acin.

66 2479 102 2535 Aa
111 2499 169 2547 nos,
189 2482 261 2555 quod
272 2481 327 2536 fieri
337 2480 425 2536 solum
434 2498 482 2553 per
490 2481 542 2536 fata
553 2481 655 2542 licebat,
821 2490 859 2532 888

67 2554 189 2622 lecimus,
210 2564 241 2611 ut
251 2556 321 2610 vires
332 2555 482 2611 adsumeret
490 2555 553 2610 Acis
562 2557 656 2611 avitas.

66 2629 558 2699 Punieeusdemolecruormanabat,
575 2629 689 2688 etiutra

97 2711 170 2768 Oura.
188 2716 216 2770 T.
232 2717 267 2773 Π.
701 2709 743 2761 ¹3»
