1874 2940
121 236 154 288 30
311 243 340 288 P.
361 240 489 287 0v1n11
506 241 675 288 NASONIS

120 340 261 412 perspicit:
282 339 751 414 eooevigilnitidopatefecitabortu

120 431 269 486 purpureas
280 414 381 470 Aurora
389 414 467 482 iores,
487 423 515 471 et
523 414 602 487 plena
614 432 737 472 rosarum

121 489 197 543 atria.
227 488 377 562 Diffugiunt
385 489 488 545 stellae:
509 506 625 561 quarum
635 490 744 563 agmina
752 490 824 563 cogit

68 574 107 617 115
121 562 241 629 Lucifer,
260 572 286 618 et
296 563 362 619 coeli
374 564 486 619 statione
499 563 663 619 novissimus
672 563 736 620 exit.

122 637 191 692 Tum
200 644 288 709 pater,
307 645 339 693 ut
347 646 429 692 terras
440 638 628 709 mundumque
640 637 780 692 rubescere
789 638 868 707 vidit,

122 728 276 784 cornuaque
285 720 418 767 extremae
426 712 499 767 velut
508 728 664 767 evanescere
671 712 778 768 Lunae:

122 785 233 858 iungere
243 802 327 857 equos
337 785 414 840 Titan
424 785 560 842 velocibus
570 785 683 857 imperat
691 785 780 842 Horis.

123 859 198 913 Iussa
208 857 272 913 deae
281 858 378 914 celeres
387 866 532 933 peragunt:
553 859 698 933 ignemque
708 868 855 926 vomentes,

69 944 108 987 120
122 932 271 988 ambrosiae
280 949 359 987 succo
368 942 481 998 saturus,
502 935 675 1005 praesepibus
685 933 745 989 altis

123 1005 310 1079 quadrupedes
319 1005 435 1075 ducunt;
456 1007 612 1080 adduntque
622 1009 743 1064 sonantia
752 1007 835 1064 frena.

123 1082 193 1136 Tum
202 1087 276 1151 pater
287 1098 332 1135 ora
343 1083 386 1136 sui
396 1098 470 1137 sacro
482 1082 657 1138 medicamine
667 1083 722 1138 nati

123 1154 248 1228 contigit,
267 1161 293 1209 et
301 1154 408 1226 rapidae
417 1154 477 1209 iecit
486 1157 610 1226 patientia
621 1155 756 1212 flammae:

124 1229 306 1302 imposuitque
314 1246 405 1286 comae
415 1229 516 1288 radios:
536 1247 716 1306 praesagaque
727 1231 814 1286 luctus

70 1316 108 1359 125
124 1313 226 1375 pectore
234 1304 347 1363 sollicito
356 1313 476 1378 repetens
486 1306 616 1378 suspiria,
637 1306 719 1361 dixit:

124 1379 152 1434 Si
162 1387 236 1452 potes
245 1379 288 1436 his
299 1380 392 1437 saitem
402 1381 511 1437 monitis
520 1398 612 1452 parere
619 1379 751 1452 paternis;

124 1471 216 1524 parce,
237 1473 317 1527 puer,
337 1456 469 1522 stimulis,
490 1466 516 1510 et
526 1455 619 1512 fortius
629 1463 703 1510 utere
712 1454 785 1512 loris.

125 1527 222 1598 Sponte
232 1539 445 1601 suaproperunt:
467 1529 540 1584 labor
551 1538 591 1585 est
600 1530 721 1585 inhibere
730 1529 857 1586 volentes.

125 1601 180 1653 Nec
190 1601 238 1654 tibi
248 1602 360 1656 directos
370 1601 470 1673 placeat
481 1602 525 1655 via
535 1604 658 1673 quinque
667 1619 715 1672 per
726 1620 815 1657 arcus.

73 1684 111 1726 130
127 1672 219 1727 Seotus
228 1673 258 1726 in
268 1673 409 1744 obliquum
419 1682 459 1728 est
468 1673 520 1728 lato
529 1675 686 1730 curvamine
695 1675 787 1742 limes,

126 1763 310 1817 zonarumque
318 1748 400 1801 trium
411 1753 549 1801 contentus
560 1748 626 1811 fine,
647 1746 795 1818 polumque

127 1821 220 1894 effugit
228 1820 380 1886 australem,
399 1821 572 1892 iunctumque
581 1819 754 1891 aquilonibus
765 1820 873 1878 Arcton.

127 1896 181 1950 Hac
191 1896 226 1950 sit
235 1896 297 1950 iter:
318 1894 459 1950 manifesta
472 1895 664 1968 rotaevestigia
674 1912 776 1950 cernes.

127 1970 215 2042 thue
225 1969 310 2025 ierant
319 1987 417 2042 aequos
427 1976 453 2024 et
462 1968 566 2024 coelum
575 1976 601 2024 et
610 1977 677 2024 terra
689 1968 798 2035 calores,

74 2056 113 2100 135
129 2061 289 2116 necpreme,
312 2062 361 2100 nec
373 2061 512 2100 summum
527 2044 621 2100 molire
633 2061 680 2116 per
696 2044 799 2098 eessrera
814 2059 876 2096 cur-

608 2135 680 2174 rum.

128 2190 216 2246 Altius
226 2209 349 2264 egressus
358 2191 479 2249 coelestia
490 2193 567 2266 signa
579 2191 724 2260 cremabis3

130 2265 241 2320 inferius
252 2275 348 2323 terras:
368 2267 457 2324 medio
466 2268 618 2323 tutissimus
628 2267 691 2322 ibis.

129 2342 188 2395 Neu
198 2348 223 2394 te
232 2340 362 2398 dexterior
372 2350 470 2397 tortum
478 2341 592 2397 declinet
600 2343 629 2396 in
642 2357 768 2414 anguem,

131 2432 197 2470 neve
207 2415 354 2472 sinisterior
363 2434 483 2488 pressam
494 2424 549 2471 rota
558 2417 638 2472 ducet
646 2415 680 2471 ad
688 2433 776 2470 aram:

78 2497 115 2543 1111
132 2490 432 2564 interutrumqueteue.
462 2492 595 2547 Fortunae
603 2498 703 2545 caetera
712 2489 826 2556 mand03

131 2582 200 2635 quae
210 2565 291 2633 iuvet,
308 2574 334 2622 et
342 2564 449 2631 melius,
460 2583 543 2639 quam
552 2573 582 2619 tu
593 2565 652 2631 tihi,
663 2563 793 2631 consulat,
805 2569 870 2634 opto

130 2640 200 2694 Dum
211 2639 319 2712 loquor,
340 2641 572 2713 Hesperiopositas
582 2641 611 2694 in
622 2639 707 2695 littore
719 2646 803 2694 metes

123 2713 242 2767 humide
253 2734 310 2773 nox
323 2717 418 2792 tetigit.
447 2717 507 2777 Non
518 2723 558 2771 est
569 2733 644 2772 mora
653 2716 735 2771 libere
746 2713 838 2770 nobis:
