1874 2940
105 128 155 183 256
285 129 314 176 P.
335 128 461 175 ovmn
479 125 645 175 monle

105 232 335 304 inelinavitaqnae
344 230 377 286 ad
387 247 479 286 avarae
489 228 574 283 littora
583 225 689 282 Troiae:

106 311 189 381 inque
197 307 255 363 freti
266 305 377 363 formam
387 313 468 360 terrae
478 302 619 370 eonvertit5
639 317 759 374 opesque

52 398 92 442 210
106 383 216 440 obstulit
225 381 362 457 aganone,
382 390 407 435 eo
416 377 540 434 fluctibus
552 376 739 451 obruitagroe.

106 461 193 516 Poena
211 474 297 530 neque
315 457 379 511 haee
400 453 465 508 satis
483 459 536 506 est:
566 452 637 526 rogia
661 469 773 525 quoque
802 456 858 513 filia

585 535 704 583 monetae

109 611 225 682 poscitur
234 621 375 679 aequoreo:
396 619 479 675 quam
491 601 557 658 dura
567 603 601 658 ad
611 620 675 658 saxa
688 603 841 662 revinctam

110 683 226 739 vindieat
236 679 355 743 Alcides,
376 678 692 748 promissaquemunera‚
712 677 802 736 diotoe‘

109 759 194 829 poscit
202 771 298 826 equos:
319 752 779 825 tantiqueoperismeroedenegata,

56 845 94 888 215
109 832 151 886 bis
160 830 266 901 periura
275 827 346 899 capit
354 834 492 899 superatae
502 827 606 884 moenia
615 827 716 882 Troiae.

109 907 234 974 Neopers
244 901 363 968 militiae,
384 902 520 968 Telamon.
541 903 708 959 einehonore
717 906 839 971 mensuit,

109 979 275 1052 Hesioneque
284 977 343 1034 data
354 980 463 1050 potitur.
492 980 561 1034 Nam
570 979 683 1052 coniuge
691 974 789 1033 Peleus

111 1055 198 1110 clarus
208 1054 347 1112 eratdiva:
369 1055 469 1112 oeeavi
479 1055 565 1128 magis
577 1052 622 1108 ille
632 1050 753 1125 superbit

111 1131 227 1197 nomine,
240 1149 323 1204 quam
332 1132 429 1188 eooeri:
440 1130 574 1205 siquidem
584 1128 655 1185 Iovia
666 1143 724 1182 esee
734 1137 859 1201 nepotem

58 1217 97 1262 22⁰
111 1208 302 1282 eontigithaud
312 1208 374 1263 uni:
395 1204 551 1263 ooniuxdea
561 1201 739 1278 eontigituni.

150 1284 272 1356 Namque
293 1301 374 1340 senex
393 1280 497 1339 Thetidi
510 1279 722 1409 l'roteua‚dDeo¹
742 1276 856 1348 dixerat,

591 1372 630 1409 un
649 1371 689 1419 ae,

113 1433 235 1504 concipe:
255 1432 400 1487 meteretis
413 1432 534 1495 iuvenis,
554 1426 801 1499 quifortibusaotie

114 1513 170 1559 aeta
179 1506 372 1576 patrisvinoet:
394 1507 531 1577 maiorque
541 1501 679 1557 vocabitur
687 1499 744 1558 illo.

114 1579 199 1652 Ergo,
220 1578 412 1651 nequidquam
422 1575 839 1648 munduslovemainehaberet,

60 1665 99 1708 225
113 1654 239 1725 quamvis
250 1652 324 1709 haud
333 1652 434 1724 tepidos
443 1652 496 1707 snb
504 1656 607 1722 pectore
616 1660 734 1706 senserat
744 1654 830 1727 ignes,

115 1729 214 1800 Iupiter
225 1745 369 1801 aequoreae
379 1726 496 1784 Thetidis
505 1722 638 1779 connubia
651 1725 732 1783 vitat:

115 1805 144 1855 in
153 1820 257 1875 suaque
266 1802 396 1858 Aeaciden
405 1800 545 1858 euooedere
553 1804 613 1853 vota
624 1810 746 1874 nepotem

115 1875 203 1941 iussit,
223 1885 250 1931 et
258 1876 397 1948 amplexus
406 1879 434 1933 in
445 1872 558 1947 virginis
568 1871 606 1928 ire
616 1879 744 1934 mannae.

114 1948 163 2002 Est
172 1949 250 2004 sinus
258 1951 416 2006 Haemoniae
425 1965 521 2005 eureos
532 1945 641 2007 falcatus
650 1953 679 2009 in
689 1960 780 2006 arcus:

62 2038 101 2083 222
115 2022 223 2079 brachia
232 2032 404 2095 procurrunt:
425 2024 488 2087 nbi,
507 2022 532 2076 ei
541 2021 605 2083 foret
614 2027 690 2083 altior
699 2017 781 2080 unda,

115 2105 208 2173 portus
217 2105 285 2153 erat:
305 2099 421 2154 summis
430 2098 571 2155 inductum
581 2110 621 2158 est
632 2096 838 2171 aequorerenia.

116 2176 204 2233 Littus
213 2172 291 2229 habet
300 2172 426 2240 solidum,
447 2173 520 2245 quod
529 2191 577 2232 neo
586 2175 652 2235 vesti
674 2172 697 2226 'a
707 2178 802 2237 servet,

118 2268 166 2307 neo
175 2256 319 2306 remoretur
328 2249 391 2317 iter3
412 2259 591 2320 necopertum
599 2266 650 2324 pen
669 2245 788 2321 eatalga.

117 2328 218 2401 Myrtea
228 2323 296 2381 silva
307 2324 409 2390 subest,
429 2323 590 2383 bicoloribus
598 2322 683 2381 obsita
691 2322 789 2379 baccis.

7 2408 12 2415 '
63 2413 103 2458 235
117 2403 165 2457 Est
175 2419 269 2475 speeue
278 2399 309 2457 in
317 2399 418 2466 medi03
439 2403 636 2464 nenofantus,
657 2409 765 2466 anarte,

118 2476 288 2551 ambiguum,
308 2476 459 2550 magiearte
468 2483 572 2535 tamen:
592 2492 647 2548 quo
655 2493 733 2549 saepe
742 2475 833 2531 veniae

114 2550 218 2608 frenato
228 2552 353 2626 delphine
361 2549 466 2619 eodone,
488 2553 563 2610 Theti
576 2552 657 2618 nuda,
678 2551 791 2608 solebas.

100 2625 167 2684 Illic
175 2634 203 2684 te
211 2626 321 2702 Peleus,
343 2635 374 2689 ut
383 2635 479 2687 somno
491 2629 560 2686 vieta
571 2627 686 2688 iaeebae„
