1874 2940
153 148 528 195 mnnnmonnuosnonr
545 150 617 193 ure.
637 151 694 195 ΧΠ.
747 144 797 199 279

56 248 120 303 festa
131 247 187 302 dies
197 246 293 312 aderat,
314 263 368 319 qua
378 245 466 319 Cygni
474 246 558 301 vietor
566 245 682 304 Achilles
812 264 852 308 15⁰

56 321 162 377 Pallada
175 328 301 376 mactatae
312 320 432 394 placabat
440 321 572 394 sanguine
583 339 687 379 vaceae.

57 396 141 452 Cuius
150 405 181 452 ut
191 397 320 468 imposuit
330 402 449 468 prosecta
458 395 606 451 calentibus
618 396 687 466 aris;

57 480 83 526 et
91 472 134 526 dle
146 480 267 543 aceeptus
277 471 423 544 penetravit
430 471 460 526 in
472 471 575 526 aethera
588 471 679 541 nidor;

56 563 130 600 saera
142 545 320 613 tulereeuam
341 564 403 619 pare
413 555 453 602 eat
461 546 521 602 data
530 553 629 602 caetera
638 545 750 602 mensis.

56 621 219 677 Discubuere
227 625 291 678 teris
301 639 430 694 proceres,
450 630 592 694 eteerpora
604 626 670 679 tosta
813 634 853 678 tte

56 697 257 769 carnareplent‚
274 698 395 771 vinoque
404 697 491 753 levant
499 714 631 771 curasque
640 697 777 771 sitimque.

56 773 116 827 Non
129 771 188 829 illos
200 774 325 840 citharae,
346 791 399 828 non
409 772 469 828 illes
479 775 712 840 earminavooum,

58 846 170 920 longave
179 848 308 906 multifori
320 848 430 904 delectat
439 848 503 904 tibia
512 849 594 906 buxi:

58 921 104 976 sed
116 929 218 977 noctem
227 940 349 977 somene
358 922 479 977 trahunt:
500 924 640 996 virtusque
653 921 779 998 loquendi

57 995 223 1050 materiaest.
253 997 361 1068 Pugnae
371 993 770 1070 relemnthestieqneeuasque,
814 1008 853 1054 itt

58 1071 140 1140 inque
148 1069 220 1124 vices
228 1068 299 1124 adita
308 1077 387 1140 atque
396 1069 524 1123 exhausta
533 1070 651 1141 pericula
659 1089 738 1144 saepe

57 1141 799 1216 commemoraretuvar.Quidenimloqaeraturllchillest

57 1227 103 1274 aut
115 1217 182 1291 quid
197 1217 411 1291 apudmagnum
424 1218 513 1289 potine
528 1217 699 1346 loqulmhmr
707 1219 799 1276 tehil-

598 1309 641 1347 em

57 1368 180 1424 Proxima
189 1366 330 1439 praecipue
337 1364 438 1421 domito
447 1365 554 1421 victoria
565 1366 659 1441 Cygno

57 1444 86 1499 in
96 1459 217 1498 sermone
228 1440 289 1497 luit.
318 1441 413 1498 Visum
423 1439 544 1496 mirabile
556 1442 669 1509 eunetis,
734 1467 737 1479 =
814 1453 853 1497 165

57 1520 130 1591 quod
140 1515 244 1573 iuvenis
253 1533 349 1589 eorpus
359 1515 434 1572 nullo
441 1517 602 1590 penetrabile
611 1516 663 1575 telo

57 1591 385 1664 invictumqueavulnere
394 1600 458 1659 arat,
478 1591 632 1666 ferrumque
641 1593 750 1649 terebat.

57 1668 211 1739 Hocipsnm
219 1668 356 1734 Aeacides,
375 1667 426 1723 hoe
434 1667 600 1724 mirabantur
609 1668 720 1725 hehivi:

57 1759 143 1816 quum
153 1743 193 1798 eie
202 1744 296 1799 Nestor
305 1743 355 1798 ait:
377 1743 469 1799 Vestro
480 1742 637 1798 luitunieus
647 1759 711 1799 aero

57 1824 201 1874 contemtor
210 1817 272 1874 ferri
282 1816 411 1890 nulloque
419 1816 539 1873 forabilis
548 1818 602 1873 ictu
669 1879 671 1883 ,
709 1854 712 1861 ,
815 1829 853 1872 tte

57 1894 183 1969 Cygnus:
204 1903 231 1950 at
238 1895 297 1966 ipsa
305 1891 370 1950 olim
377 1893 520 1966 patientem
529 1891 724 1949 vulneramille

57 1986 164 2042 corpore
173 1988 225 2027 nen
236 1969 307 2026 laeso
318 1969 494 2025 Perrhaebum
504 1968 606 2026 Caenea
617 1969 689 2026 vidi:
722 1995 733 2020 t*

57 2043 159 2100 Caenea
167 2046 356 2111 Perrhaebum,
375 2045 443 2117 quis
454 2043 529 2099 lactis
538 2044 665 2120 inclytus,
686 2043 790 2118 Othryn

57 2117 178 2173 incoluit.
206 2119 319 2192 Quoquo
328 2119 356 2176 id
366 2120 466 2176 mirum
476 2121 562 2194 magis
574 2118 747 2185 essetinillo,

57 2189 243 2248 seminanatue
256 2203 320 2250 erat.
349 2194 460 2252 Monstri
471 2196 585 2250 novitate
594 2200 745 2258 moventur,
815 2203 854 2246 175

58 2264 183 2338 quisquis
209 2266 296 2332 adest,
325 2277 465 2342 narretque
487 2275 590 2343 rogant.
629 2267 703 2355 Ques
733 2266 801 2321 inter

57 2415 104 2469 Dic
113 2430 171 2488 age,
182 2411 254 2486 (nam
262 2414 366 2469 eunetis
375 2415 466 2473 eadem
476 2423 515 2472 eet
525 2340 770 2486 audihchhllhhhae)

58 2487 299 2554 olaeundeeenex‚
319 2489 378 2546 aevi
386 2492 526 2562 prudentia
536 2491 630 2557 nostri,

58 2565 120 2637 quis
130 2563 210 2620 fuerit
218 2561 347 2629 Caeneus,
368 2566 713 2622 eurineontrarirversua:

58 2657 111 2714 qua
121 2640 171 2699 tihi
180 2637 284 2705 militia,
305 2639 382 2696 cuiue
392 2641 661 2714 eertom'menugnue
826 2643 875 2677 Q
