1874 2940
166 120 548 171 METAMORPHOSEON
565 123 636 171 LIB.
650 124 692 170 VI.
751 118 800 170 133

53 227 126 280 llaec
135 220 353 297 frustrafugiene
360 221 513 292 mllabitur3
534 222 579 277 illa
591 225 674 279 sorori
818 239 856 282 295

55 301 226 354 immoritur:
248 296 310 353 latet
320 296 396 366 haec;
417 296 490 352 illam
501 298 630 369 trepidare
641 298 753 355 videres.

55 375 166 445 Sexque
173 372 243 427 detis
254 370 313 438 lete,
331 371 490 444 dlvereaque
498 372 608 427 vulnera
619 374 715 443 pessis,

55 449 155 504 ultime
165 445 292 501 restabat:
310 462 394 518 quam
404 455 457 503 toto
465 464 573 518 corpore
586 457 679 511 mater,

56 530 113 578 tota
123 528 303 593 vestalegens‚
323 519 420 583 Unam.
441 522 637 593 minimamque
647 522 780 595 relinque5

56 597 92 651 de
103 595 197 650 multis
206 594 346 650 minimam
355 613 444 667 poseo,
464 595 598 660 clamavit,
619 604 645 650 et
654 614 746 651 unam.
818 610 857 653 300

57 673 186 742 Dumque
194 677 276 744 rugat,
287 686 337 741 pro
346 687 401 742 qua
410 679 493 742 regat.
503 670 608 725 occidit.
633 670 704 725 Orba
713 671 809 727 resedit

56 745 195 800 exanimes
204 745 272 800 iuter
283 753 370 809 nates,
392 753 529 815 numaque,
550 744 706 818 virumque:

57 819 224 893 diriguitque
233 817 323 874 malis.
353 817 449 874 Nullas
461 827 549 874 movet
558 836 621 874 aura
632 821 751 893 capillos.

57 896 88 950 ln
99 892 177 949 vultu
186 892 259 949 color
267 900 308 948 est
316 892 376 948 sine
385 893 530 966 sanguine:
551 892 653 949 lumina
664 898 769 952 moestis

58 976 130 1024 stant
140 969 249 1024 immota
259 968 351 1041 genis:
372 966 440 1021 nihil
450 976 489 1021 est
501 968 528 1022 in
539 967 655 1042 imagine
665 971 769 1026 vivum.
820 982 857 1024 305

60 1045 120 1115 lpse
130 1060 240 1116 queque
249 1042 362 1097 interius
371 1058 433 1096 eum
443 1041 511 1097 duro
521 1042 611 1116 lingua
623 1043 710 1114 palato

59 1117 189 1191 congelat,
210 1124 237 1171 et
245 1134 328 1172 venae
336 1116 468 1171 desistunt
475 1134 553 1188 posse
563 1118 674 1171 moveri.

59 1194 115 1247 Nec
124 1191 193 1247 flecti
202 1191 303 1255 cervix,
324 1208 373 1246 nec
383 1191 489 1245 brachie
501 1191 719 1262 redderegcstus,

61 1284 166 1338 necpes
177 1267 321 1338 irepotest:
342 1266 411 1320 intra
421 1283 529 1338 qunque
539 1265 639 1317 viscera
649 1282 745 1318 saxum
754 1273 802 1319 est.

60 1340 119 1396 Flet
128 1349 227 1405 nmen,
247 1350 273 1395 et
281 1340 362 1396 validi
373 1341 535 1395 circumdata
546 1339 652 1392 turbine
662 1340 733 1394 venti
822 1351 860 1395 310

60 1414 295 1487 inputriamrepta
305 1424 359 1470 est:
381 1415 428 1470 ubi
439 1416 492 1470 fixa
502 1414 641 1469 cacumine
651 1415 748 1471 montis

61 1489 184 1563 liquitur,
205 1497 231 1544 et
241 1489 358 1545 lacrimis
368 1491 521 1544 etiamnunc
531 1508 662 1546 marmore
673 1499 791 1547 manant.

99 1565 169 1619 Tum
178 1581 240 1621 vero
249 1566 338 1620 cuncti
348 1564 516 1620 manifestem
529 1566 649 1621 numinis
664 1567 730 1621 iram

61 1638 161 1695 femina
170 1638 266 1711 virque
277 1640 384 1694 timent:
406 1639 534 1712 cultuque
545 1642 694 1713 impensius
703 1659 796 1697 omnes

61 1731 159 1787 magna
169 1713 355 1787 gemelliparae
364 1723 524 1770 venerantur
535 1718 646 1770 numina
656 1716 745 1771 divae:
823 1729 861 1772 315

60 1796 147 1860 utque
155 1789 200 1849 fit.
221 1787 312 1844 electo
321 1790 442 1861 propiore
452 1790 539 1860 priora
549 1798 694 1845 renarrant.

61 1863 83 1918 E
94 1863 196 1935 quibus
205 1880 278 1918 unus
289 1864 339 1918 ait:
365 1865 462 1938 Lyciae
472 1882 580 1936 quoque
592 1865 686 1920 fertilis
696 1867 768 1941 agris

61 1937 136 1992 haud
145 1938 257 2010 impune
267 1938 343 1994 dcam
353 1948 453 1994 veteres
463 1957 585 2010 sprevere
594 1939 690 1996 coloni.

60 2014 114 2067 Res
123 2012 236 2068 obscura
246 2014 355 2087 quidem
366 2021 405 2069 est
415 2014 578 2087 ignobilitate
587 2017 721 2085 virorum3

61 2089 130 2143 mira
141 2095 238 2144 tamen.
268 2089 329 2145 Vidi
340 2107 465 2160 praesens
475 2098 655 2163 stagnumque
667 2091 809 2161 locumque
823 2098 861 2141 32⁰

60 2163 185 2236 prodigio
195 2171 302 2218 notum:
325 2182 387 2218 nam
399 2180 442 2217 me
451 2164 504 2217 iam
514 2165 641 2236 grandior
649 2183 713 2220 aevo

60 2237 259 2310 impatiensque
267 2239 326 2293 viae
334 2239 439 2313 genitor
447 2237 575 2293 deducere
589 2238 668 2293 lectos

61 2313 178 2366 iusserat
189 2313 250 2365 inde
260 2313 355 2382 boves;
377 2313 519 2386 gentisque
530 2311 604 2367 illius
613 2311 687 2366 eunti

62 2387 121 2456 ipse
131 2385 227 2437 ducem
238 2384 356 2441 dederet:
377 2403 439 2440 cum
449 2403 504 2457 quo
513 2386 578 2440 dum
589 2401 688 2456 pascua
701 2380 794 2446 lustro,

64 2475 124 2514 ecce
137 2456 196 2509 lacu
207 2455 294 2509 medio
305 2476 440 2513 sacrorum
452 2460 526 2531 nigra
542 2458 633 2513 invilla
824 2464 862 2510 325

65 2545 112 2582 ara
120 2535 198 2579 vetus
208 2527 302 2592 stabat,
323 2533 444 2586 tremulis
454 2533 616 2586 circumdata
624 2527 728 2583 cannis.

64 2597 180 2662 Restitit,
201 2607 324 2672 etparvo,
347 2606 451 2664 Faveas
459 2607 544 2676 milii,
554 2620 705 2667 murmure
712 2603 787 2658 urin
