1874 2940
158 231 534 281 nunnonenosuou
551 233 621 279 LIB.
641 233 696 280 XV.
746 228 797 284 ³75

55 339 254 409 quamtantum
261 333 388 421 genuisse
396 330 505 389 virum?
514 349 568 404 qun
576 333 698 405 praeside
707 351 796 392 rerum

55 410 177 465 humano
184 425 285 482 genera,
304 407 409 480 Superi,
428 407 535 464 cavistie
544 406 659 463 abunde.

56 484 98 539 Ne
106 481 171 539 foret
182 483 226 539 hio
235 483 317 556 igitur
326 481 429 539 mortali
439 482 540 537 semine
548 489 645 548 cretus,
810 496 850 540 7⁶0

56 556 104 614 ille
112 556 179 613 deus
187 556 322 613 faciendus
331 563 395 612 erat.
424 555 502 623 Quod
510 564 540 612 ut
549 573 626 611 aurea
635 557 702 612 vidit

57 632 161 688 Aeneae
168 631 298 705 genetrix,
317 631 385 687 vidit
394 648 501 703 quoque
510 632 582 687 triste
590 631 678 703 parari

55 706 176 780 pontifici
186 705 277 770 letum,
298 713 324 760 et
332 705 466 761 coniurata
475 723 548 761 arma
559 706 668 762 moveri.

57 779 166 846 Palluit,
185 780 330 847 emunctis,
350 787 381 835 ut
389 780 487 853 cuique
495 787 549 836 erat
559 780 646 846 obvia,
667 779 746 846 divis,

58 854 182 925 Adspice,
202 854 318 922 dicebat.
338 863 437 928 quanta
447 856 513 911 mihi
523 854 592 911 mole
601 863 726 927 parentur
810 867 850 911 755

58 928 185 985 insidiae:
205 937 358 1003 quantaque
367 938 446 1002 caput
455 948 517 987 cum
530 930 621 986 fraude
630 938 742 1004 petatur,

58 1002 131 1076 quod
139 1001 173 1058 de
180 1003 310 1059 Dardanio
319 1003 406 1059 andum
416 1005 484 1059 mihi
495 1013 574 1061 restat
583 1005 649 1063 Iulo.

58 1077 153 1134 Solane
161 1093 265 1150 semper
274 1095 318 1133 ero
327 1077 403 1132 iustis
413 1080 524 1133 exercita
534 1079 625 1133 euris?

57 1152 228 1226 quemmodo
237 1151 353 1227 Tydidae
361 1151 504 1225 Calydonia
513 1151 633 1208 vulneret
643 1153 727 1218 hasta,

59 1244 132 1285 nune
140 1226 209 1283 male
217 1226 339 1282 defensae
347 1224 509 1282 confundant
521 1227 624 1282 moenia
635 1227 739 1296 Troiae3
809 1241 849 1283 770

58 1318 128 1376 quae
136 1301 241 1357 videam
251 1309 343 1357 natum
353 1301 439 1375 longis
448 1302 580 1357 erroribus
591 1307 689 1366 actum,

58 1375 202 1449 iactarique
211 1375 285 1442 freta,
305 1375 432 1448 sedesque
443 1374 684 1441 intraresilentum‚

58 1450 181 1523 bellaque
189 1467 252 1506 eum
261 1452 351 1507 Turno
358 1467 457 1526 gerere,
478 1459 531 1517 aut,
551 1451 575 1505 ai
587 1469 649 1507 vera
659 1449 779 1515 fatemur,

58 1523 345 1600 eumlunonemagis?
371 1525 443 1592 Quid
452 1538 524 1581 nune
533 1526 642 1599 antiqua
652 1526 771 1583 recordor

58 1601 155 1656 damna
165 1600 216 1655 mei
226 1599 349 1675 generis?
368 1600 458 1657 Timor
465 1600 666 1657 hicmeminisse
676 1598 794 1674 priunum
808 1611 847 1655 1⁷5

59 1692 113 1733 non
122 1674 200 1730 sinit:
221 1677 251 1731 in
260 1693 302 1731 me
311 1675 370 1730 acui
379 1674 516 1731 sceleratos
525 1676 631 1731 cernitis
641 1694 727 1732 enses.

58 1749 129 1817 Quos
138 1749 282 1823 prohibete,
297 1767 397 1822 precor,
413 1749 569 1822 facinusque
578 1750 708 1820 repellite:
729 1768 795 1806 neve

57 1824 135 1880 caede
143 1824 283 1881 sacerdotis
293 1824 413 1880 flammas
423 1824 582 1896 exstinguite
591 1825 693 1881 Vestae.

94 1899 166 1956 Talia
177 1898 358 1973 nequidquam
368 1906 420 1954 toto
429 1899 519 1954 Venus
529 1899 607 1953 anxia
616 1897 688 1953 eaelo

58 1973 138 2029 verba
158 1975 233 2041 iacit,
262 1973 429 2046 Superosque
444 1979 545 2028 movet:
579 1973 641 2046 qui,
672 1990 795 2047 rumpere

546 2065 711 2123 quamquam
808 2060 847 2102 780

57 2121 139 2178 ferrea
149 2142 201 2180 non
212 2131 325 2197 possunt
333 2131 451 2180 veterum
460 2121 561 2180 decreta
571 2123 706 2193 Sororum,

58 2197 134 2267 signa
144 2204 232 2253 tamen
244 2200 330 2256 luctus
340 2200 404 2256 dant
412 2198 484 2255 haud
493 2198 591 2256 incerta
602 2200 694 2255 futuri.

57 2269 137 2325 Arma
147 2268 237 2325 ferunt
246 2272 314 2327 inter
324 2276 413 2348 nigras
422 2273 574 2345 crepitantia
584 2275 679 2335 nubes,

57 2340 240 2414 terribilesque
248 2345 336 2411 tubas,
357 2349 498 2420 auditaque
507 2363 605 2401 cornua
615 2345 685 2400 coelo

56 2417 256 2491 praemonuisse
266 2416 348 2472 nefas.
378 2420 447 2475 Solis
456 2437 562 2494 qunque
572 2419 653 2473 triade
664 2419 752 2491 image
808 2428 847 2471 785

57 2491 143 2548 lurida
153 2489 273 2546 sollicitis
282 2492 423 2562 praebebat
432 2493 534 2549 lumina
544 2492 630 2548 terris.
663 2518 670 2528 ·

56 2567 137 2637 Saepe
147 2563 216 2620 faces
225 2566 298 2622 visae
307 2566 401 2622 mediis
411 2567 502 2623 ardere
511 2567 562 2623 suh
573 2567 665 2621 astris:

56 2658 133 2712 saepe
143 2640 210 2696 inter
219 2640 325 2696 nimbos
334 2648 423 2771 §utne
431 2642 546 2698 cecidere
555 2648 691 2697 cruentam

55 2715 176 2773 caerulus
187 2723 214 2771 et
221 2714 328 2773 vultum
347 2714 585 2791 anaginauueuu
594 2723 655 2772 aua
