1874 2940
183 126 232 179 346
373 131 401 175 P.
422 127 549 177 ovlnu
566 126 732 175 unaouls

128 243 167 287 tus
180 249 230 360 fro
237 229 471 303 populocecidisse
480 247 544 299 suo;
564 227 738 301 pulchrisque
747 245 795 299 per
806 234 907 291 urbem

192 307 320 361 uneribus
330 304 406 372 ferri,
426 305 577 376 celebrique
585 305 614 358 in
623 312 697 376 parte
709 306 831 361 cremari.

181 381 251 436 Tum
260 380 293 434 de
302 381 421 454 virginea
429 379 549 454 geminos
561 379 633 434 exire
641 377 740 442 favilla,

182 455 437 528 negenusintcrcat,
458 454 578 519 iuvenes,
598 470 667 525 quos
676 451 746 506 fama
759 453 879 512 Coronas

182 529 315 595 nominat,
336 536 362 584 et
371 528 452 584 cineri
463 536 580 583 materno
590 528 685 583 ducere
693 543 831 599 pompam.

128 615 168 658 tuo
181 605 313 659 Hactenus
324 605 433 675 antiquo
443 603 528 675 signis
538 600 703 674 fulgentibus
713 618 771 655 aere

182 695 307 733 summus
318 678 437 731 inaurato
445 683 529 729 crater
537 683 592 729 erat
604 692 680 746 asper
690 676 812 732 acantho.

182 754 237 807 Nec
247 751 344 805 leviora
354 751 422 803 datis
432 750 538 804 Troiani
548 749 616 803 dona
627 750 780 806 remittunt:

184 826 302 895 dantque
311 823 452 888 sacerdoti,
473 823 608 879 custodem
619 824 697 889 turis,
717 842 851 897 acerram3

183 896 925 972 dantpateram‚claramqueaurogemmisqueooronam.

130 983 169 1026 7⁰⁵
220 971 294 1038 Inde,
315 971 441 1028 recordati
451 973 564 1028 Teucros
574 990 589 1027 a
601 974 733 1047 sanguine
744 976 839 1031 Teucri

183 1047 278 1102 ducere
287 1047 458 1119 principium,
480 1047 703 1116 Cretentenuer03
725 1048 830 1121 locique

183 1120 250 1178 ferre
259 1122 306 1178 diu
316 1123 440 1194 nequiere
449 1123 551 1178 Iovem:
571 1130 732 1193 centumque
741 1122 839 1179 relictis

184 1198 307 1264 urbibus,
327 1197 459 1253 Ausonios
466 1204 558 1269 optant
567 1197 719 1270 contingere
729 1205 832 1269 portus.

183 1273 272 1330 Saemt
280 1273 376 1339 hiems,
397 1271 527 1345 iactatque
536 1272 622 1328 viros:
643 1272 929 1347 Strophadumquere

661 1364 690 1401 ce
709 1354 750 1404 tos

131 1432 170 1476 no
184 1422 315 1494 portubus
325 1421 415 1477 infidis
425 1422 552 1477 exterruit
561 1421 615 1477 ales
625 1364 710 1477 Atllg

183 1496 280 1551 Etiam
289 1495 424 1551 Dulichios
433 1505 539 1568 portus,
560 1497 744 1569 Ithacamque,
765 1496 926 1572 Samenque,

184 1570 350 1644 Neritiasque
359 1571 461 1636 domos,
481 1588 594 1645 regnum
604 1570 705 1627 fallacis
718 1571 822 1646 Ulyxei‚

184 1653 286 1719 praeter
294 1653 368 1702 erant
376 1646 458 1703 vecti:
478 1652 602 1701 certatam
612 1646 656 1701 lite
666 1648 776 1703 deorum

184 1721 363 1788 Ambraciam,
383 1721 507 1794 versique
515 1721 607 1777 vident
616 1723 667 1777 sub
677 1721 794 1796 imagine
803 1739 904 1779 saxum

131 1806 171 1848 715
186 1795 296 1863 iudicis,
317 1797 422 1854 Actiaco
430 1814 499 1870 quac
509 1814 583 1852 nunc
592 1797 625 1852 ab
635 1795 757 1868 Apolline
767 1803 829 1852 nota
838 1805 889 1863 est,

184 1870 354 1943 vocalemque
362 1890 411 1927 sua
423 1880 518 1927 tenram
528 1871 662 1927 Dodonida
672 1887 783 1944 quercu,

185 1941 369 2015 Chaoniosque
378 1946 468 2002 sinus:
490 1947 537 2001 ubi
548 1947 602 2000 nati
612 1963 673 2019 rege
682 1945 797 2002 Molosso

185 2017 268 2089 impia
276 2019 401 2073 subiectis
411 2019 502 2095 fugere
511 2021 632 2076 incendia
641 2020 748 2092 pennis.

222 2092 345 2147 Proxima
355 2094 502 2151 Phaeacum
512 2094 634 2150 felicibus
646 2095 730 2151 obsita
740 2095 829 2168 pomis

131 2178 170 2222 72⁰
184 2175 358 2240 runapetunt.
387 2169 482 2241 Epiros
492 2170 526 2224 ab
536 2170 594 2235 his,
615 2178 776 2245 regnataque
785 2169 840 2225 vati

183 2244 324 2299 Buthrotos
333 2244 463 2318 Phrygio,
484 2243 662 2318 simulataque
670 2246 747 2302 Troia
755 2251 870 2300 tenetur.

184 2319 248 2373 Inde
259 2318 491 2382 futurorumcerti,
511 2335 580 2389 quac
589 2328 683 2376 cuncta
693 2319 764 2375 fideli

184 2393 329 2449 Priamides
338 2392 453 2448 Helenus
465 2393 569 2448 monitu
577 2395 750 2466 praedixerat,
771 2394 873 2448 intrant

184 2465 326 2521 Sicaniam.
347 2467 444 2521 Tribus
454 2465 518 2520 haec
527 2470 643 2523 excurrit
651 2470 680 2523 in
689 2485 802 2541 aequora
813 2467 927 2542 linguis:

120 2547 165 2591 725
176 2540 305 2611 equitus
312 2538 466 2598 imbriferos
475 2539 587 2596 obversa
596 2542 733 2615 Pachynos
743 2543 777 2597 ad
785 2542 914 2600 Austros:

160 2613 300 2673 mollibus
310 2619 472 2695 expositum
482 2616 789 2695 Zephyrisiniiunuccn:
798 2617 934 2673 summus

149 2876 173 2904 A
