1874 2940
126 115 176 170 2⁹0
325 118 354 165 Ρ.
375 116 503 166 ovmn
521 114 688 164 NASONIS

127 217 200 291 quod
219 215 270 272 fuit
288 216 346 284 ille,
370 235 476 274 sumus.
515 215 587 282 Quid
605 213 725 268 membra
744 215 878 276 immunia

127 365 195 438 quid
203 364 325 440 geminae
334 363 423 420 vires?
445 362 525 434 quid,
546 286 772 432 quoffissstusa
783 382 878 422 rerum

128 440 157 495 in
168 440 244 496 uobis
254 438 354 512 duplex
364 446 457 492 ustura
468 434 592 490 animalis
602 434 711 489 iunxit?

128 515 182 570 Neo
192 531 241 570 nos
252 521 336 568 matre
345 512 403 577 des,
423 526 472 565 nee
481 527 529 564 uos
539 509 629 563 Ixione
639 517 714 564 nates

75 600 113 643 555
128 605 186 644 esse
196 605 267 655 τοοκ
288 587 337 658 qui
347 589 509 647 tuntuserat
530 583 640 636 lunonis
650 590 680 637 ut
693 581 759 638 altus

129 679 205 733 spem
214 667 330 731 cuperet:
352 675 400 713 nos
409 656 543 711 semimari
554 673 713 727 superamur
722 657 756 711 ab
765 656 852 714 hoste.

129 735 198 790 Saxa
208 733 349 804 trabesque
359 748 449 801 super,
468 736 589 801 totosque
600 730 728 786 involvite
737 741 856 788 montes:

129 809 304 876 vivacemque
315 804 432 859 enimam
442 803 534 858 missis
545 803 633 860 elidite
643 805 730 860 silvis.

129 880 202 935 Silva
211 886 314 950 premet
322 878 425 934 fauces:
446 879 530 934 eterit
539 895 587 950 pro
597 880 707 935 vulnere
715 880 832 951 pondus.

76 967 115 1010 ete
129 953 214 1009 Dixit:
236 959 261 1007 et
270 951 359 1008 insani
369 952 495 1009 deiectum
505 954 609 1010 viribus
618 954 710 1010 Austri

130 1026 195 1083 sorte
204 1026 305 1082 trabem
318 1036 420 1096 nactus,
440 1028 561 1086 validum
569 1028 717 1085 coniecitin
727 1026 845 1082 hostem:

131 1101 339 1177 exemplumque
346 1103 412 1162 fuit:
432 1121 569 1177 parvoque
580 1104 608 1158 iu
618 1113 734 1174 tempore
744 1101 834 1157 nudus

131 1177 233 1234 arboris
243 1177 343 1256 Othrys
353 1188 422 1235 eret:
443 1197 492 1234 nec
500 1178 614 1234 habebat
622 1177 712 1233 Pelion
723 1175 844 1231 umbras.

132 1249 251 1309 Obrutus
261 1255 373 1312 immuni
382 1254 500 1321 cumulo,
517 1253 569 1310 sub
578 1252 693 1324 pondere
703 1250 822 1306 Caeneus

79 1338 117 1380 515
132 1329 365 1400 eestustarboree3
386 1329 556 1400 coniectaque
565 1327 658 1381 robora
667 1325 743 1379 duris

132 1400 182 1455 fert
197 1402 326 1458 humeris.
365 1402 416 1457 Sed
432 1403 504 1456 enim
519 1407 661 1471 postquem
677 1414 758 1467 super
775 1415 820 1452 ora
834 1414 879 1452 cu·

610 1477 713 1541 putque

133 1542 877 1614 erevitonus,uequehsbet,quasduestspiritusauras,

132 1618 221 1674 deficit
231 1617 379 1674 interdum:
400 1616 479 1670 modo
489 1633 518 1669 ss
526 1632 607 1685 super
617 1617 676 1668 ae'ra
686 1614 785 1670 frustra

134 1691 224 1748 tollere
232 1697 356 1756 uenatus,
377 1686 746 1760 iactasqueevelveresilvas3

80 1778 120 1822 520
133 1765 322 1836 interdumque
330 1771 433 1820 movet:
453 1760 547 1826 veluti,
567 1775 650 1833 quem
660 1763 796 1816 cernimus
809 1779 877 1828 ecee,

134 1837 217 1892 ardue
226 1840 250 1892 si
261 1848 342 1891 terrae
352 1837 487 1908 quatiatur
498 1834 617 1891 motibus
627 1835 681 1889 lde.

132 1909 229 1964 Exitus
240 1910 267 1964 in
277 1909 359 1964 dubio
369 1916 422 1963 est:
443 1907 489 1961 alii
500 1906 552 1961 sub
561 1906 651 1961 insuia
660 1920 759 1973 eorpus

135 1983 241 2037 Tartara
250 1981 388 2035 detrusum
399 1980 529 2036 silvarum
540 1978 609 2033 mole
618 1977 751 2032 ferebant:

134 2054 229 2112 abnuit
237 2053 411 2128 Ampycides:
432 2043 812 2178 medioqueexsssgerefulvis

81 2144 121 2187 525
135 2129 203 2188 vidit
212 2145 289 2186 avem
299 2127 394 2201 pennis
405 2126 521 2200 liquidus
530 2125 625 2179 exires
677 2138 766 2188 auras,

135 2224 206 2279 quse
223 2204 291 2262 mihi
310 2211 373 2261 tune
388 2202 523 2275 primum,
542 2206 608 2254 tuno
623 2204 663 2253 est
677 2203 814 2270 conspecta
833 2215 880 2252 su-

613 2290 747 2345 promum.

136 2354 211 2410 Hanc
219 2353 268 2411 ubi
277 2351 433 2410 lustrantem
444 2348 497 2405 leni
507 2363 556 2402 sue
565 2357 651 2405 cestre
661 2349 751 2406 volatu

136 2428 258 2500 Mopsus,
277 2436 303 2486 et
312 2427 413 2503 ingenti
421 2424 522 2480 oiroum
532 2422 647 2482 clamore
656 2432 795 2482 sonantem

137 2500 268 2574 adspexit,
288 2504 437 2575 pariterque
447 2499 536 2556 anime
545 2508 585 2555 est
593 2501 732 2575 oculisque
741 2505 862 2565 secutus,

63 2583 111 2629 530
125 2572 244 2644 Osslve,
268 2577 353 2648 dixit,
373 2575 532 2652 Lapitheeae
541 2575 625 2652 gloria
634 2578 730 2652 gentis,
