1874 2940
158 60 538 107 METAMORPHOSEON
555 64 623 107 LIB.
638 64 707 108 XIV.
757 58 807 110 347

62 159 151 229 Iphis,
172 168 197 214 et
207 168 266 214 ante
276 158 344 214 iores
354 158 508 213 haecverba
518 160 662 214 novissima
672 162 754 217 dixit:

61 235 167 298 Vincis,
182 233 343 290 Anaxarete:
364 250 452 304 neque
460 242 538 287 erunt
547 234 596 287 tibi
606 235 690 288 taedia
703 237 807 292 tandem

62 307 306 364 uliaierendamei.
336 307 429 362 Laetos
439 305 533 361 molire
541 306 702 377 triumphos,

63 383 282 448 etPaennavoca‚
303 380 441 453 nitidaque
449 380 585 454 incingere
595 379 678 436 lauro.
821 397 861 440 720

62 457 154 512 Vincis
164 456 246 522 enim,
258 456 410 527 moriorque
419 454 519 510 libens:
534 471 591 528 age,
606 453 806 530 ierreeffiaude.

63 531 137 586 Certe
147 530 251 603 aliquid
260 530 368 586 laudare
377 530 430 584 mei
438 528 550 602 cogeris,
571 528 687 600 eritque,-

62 623 117 676 quo
126 606 174 660 tibi
185 607 238 661 sim
247 616 349 681 gratus,
363 604 543 676 meritumque
551 602 664 658 fatebere
674 610 805 659 noenum.

62 681 121 735 Non
132 688 221 738 temen
230 690 291 738 ante
299 681 338 738 tui
348 698 441 737 curam
449 680 561 736 cessisse
569 685 711 743 memento,

62 772 147 826 quam
155 758 254 824 vitam;
265 755 587 831 geminaquesimulmihi
594 751 810 810 luoecarendum.
821 764 861 807 725

62 830 117 883 Neo
127 829 175 884 tibi
184 831 266 884 Fama
277 831 330 884 mei
340 838 451 885 ventura
461 839 502 885 est
515 830 608 886 nuntia
619 828 677 897 leti;

62 903 120 972 ipsc
129 918 187 974 ego,
202 919 235 955 ne
244 901 360 966 dubites,
379 902 472 967 adero,
493 921 672 974 praesensque
681 901 805 970 videbor;

62 992 170 1046 corpore
178 980 209 1029 ut
217 975 334 1028 exanimi
344 974 461 1029 crudelia
471 974 573 1031 lumina
584 994 687 1047 pascas.

63 1051 90 1106 si
101 1058 199 1115 tamen,
219 1047 349 1118 oSuperi‚
371 1048 491 1103 mortalia
502 1049 568 1104 iacta
578 1051 683 1116 videtis,

62 1133 117 1180 este
126 1125 179 1178 mei
189 1139 327 1188 memores,
338 1122 416 1194 (nihil
426 1123 496 1179 ultra
506 1123 598 1198 lingua
607 1125 710 1195 precari
821 1136 861 1180 tto

63 1199 197 1272 sustinet)
215 1206 240 1253 et
250 1197 328 1270 longo
339 1196 415 1252 facite
424 1205 454 1253 ut
464 1216 603 1253 narremur
612 1200 640 1253 in
651 1217 729 1268 aevo;

62 1282 96 1340 et,
116 1290 186 1345 quae
195 1272 329 1328 demsistis
340 1272 418 1338 vitae,
438 1272 498 1327 date
507 1281 623 1345 tempora
634 1273 729 1329 famae.

63 1349 148 1403 Dixit:
169 1354 195 1401 et
204 1347 238 1402 ad
246 1355 345 1418 postes,
365 1354 472 1403 ornatus
482 1365 560 1419 saepe
569 1349 684 1413 coronis,

62 1424 202 1478 humentes
211 1421 301 1478 oculos
313 1431 340 1476 et
348 1422 447 1494 pallida
457 1423 565 1477 brachia
575 1422 697 1488 tondens,

62 1516 148 1570 quum
159 1496 261 1552 foribus
271 1495 359 1569 laquei
369 1497 490 1570 religaret
498 1497 606 1552 vincula
617 1497 731 1564 summi;
821 1507 860 1552 735

62 1575 131 1627 Haec
141 1570 188 1626 tihi
198 1580 266 1627 serta
276 1572 390 1643 placent,
411 1571 526 1626 crudelis
537 1579 562 1626 et
572 1572 669 1642 impiet
690 1571 772 1626 dixin

62 1648 228 1718 inseruitque
240 1655 333 1720 caput;
354 1647 402 1703 sed
415 1653 473 1701 tum
486 1663 595 1718 quoque
608 1663 703 1700 versus
720 1645 755 1700 ad
772 1644 807 1700 il-

574 1720 687 1785 lamest‚

62 1804 142 1867 atque
150 1811 219 1850 onus
229 1793 323 1851 infelix
332 1793 396 1849 elisa
406 1792 480 1848 iauce
488 1793 623 1864 pependit.
671 1822 674 1828 ·

61 1871 113 1924 Icta
124 1870 223 1942 pedum
232 1878 307 1926 motu
315 1868 493 1941 trepidantum
503 1876 529 1922 et
537 1868 622 1924 muita
631 1877 786 1926 merentum

62 1945 120 2000 visa
130 1945 235 2000 dedisse
244 1963 340 2001 sonum
351 1951 399 2008 est,
408 1968 410 1972 ¹
419 1942 596 2018 adapertaque
607 1945 687 2001 ianua
697 1945 796 2001 iactum
820 1951 860 1999 tto

61 2018 187 2090 prodidit.
215 2020 372 2075 Exclamant
381 2017 490 2073 famuli:
511 2017 663 2093 frustraque
674 2021 789 2077 levatum

61 2092 134 2166 (nam
144 2101 218 2163 pater
227 2091 376 2164 occiderat)
386 2091 503 2148 referunt
512 2095 546 2149 ad
556 2096 649 2150 iimina
659 2094 761 2149 matris.

61 2166 217 2237 Accipitilia
229 2167 302 2232 sinu,
323 2166 514 2240 complexaque
524 2168 686 2242 frigidanati

61 2241 180 2296 membra
191 2241 243 2306 sui,
255 2248 397 2313 postquem
408 2243 566 2298 miserorum
576 2242 656 2298 verba
666 2245 806 2313 parentum

62 2314 153 2380 edidit,
174 2323 200 2369 et
210 2324 326 2371 matrum
336 2317 495 2372 miserarum
505 2316 571 2372 iacta
582 2315 695 2388 peregit.
819 2320 860 2368 tte

62 2389 154 2444 funera
164 2388 277 2445 duoebat
287 2390 402 2446 mediam
414 2391 552 2447 lacrimosa
562 2409 609 2462 per
618 2390 723 2455 urbem,

62 2463 202 2536 luridaque
211 2482 304 2520 arsuro
314 2467 434 2536 portabat
443 2467 563 2522 membra
574 2465 676 2521 feretro.

61 2539 137 2596 Forte
147 2539 242 2595 domus
252 2540 341 2596 vicina
351 2542 419 2608 viae,
440 2540 667 2615 quasschilisihat
