1874 2940
123 106 173 160 350
299 109 328 155 Ρ.
348 107 476 155 ovum
494 107 664 155 NASONIS

122 213 198 267 Unus
208 209 266 274 crit,
287 206 726 282 quemtutollesadsideracoeli,

68 298 107 342 ato
122 285 224 340 dixisti.
250 286 313 340 Rata
323 286 359 339 sit
368 285 511 341 verborum
522 300 629 338 summa
640 291 766 346 tuorum.

122 360 225 415 Annuit
234 359 419 430 Omnipotens,
440 367 465 414 et
476 358 594 413 nubibus
603 359 664 413 ae'ra
676 363 768 419 caecis

122 434 248 500 occuluit,
269 435 423 506 tonitruque
435 441 461 489 et
471 433 511 489 lul
531 450 579 488 ure
587 432 682 487 terruit
693 436 805 499 orbem,

122 509 182 576 Quo
191 510 244 564 sibi
254 509 401 580 promissas
411 508 495 563 sensit
538 507 789 581 tasignarapinac,

124 585 290 655 innixusque
301 583 401 648 hastae,
421 599 528 653 pressos
537 589 766 643 temonecruento

70 670 109 713 tto
124 657 277 730 impavidus
286 657 440 713 conscendit
449 673 533 729 equos
544 654 689 721 Gradiuus,
708 666 737 712 et
747 661 805 719 ictu

123 732 242 787 verberis
253 732 400 800 increpuit:
421 747 593 802 pmnumque
602 745 649 801 per
658 731 719 785 ae‘ra
731 731 831 807 lapsus

125 805 243 861 constitit
253 804 281 856 in
291 820 399 858 summo
409 806 541 861 nemorosi
554 802 621 860 colle
630 801 729 860 Palati:

124 877 331 948 reddentemque
341 877 453 932 suniam
464 880 536 953 regia
546 879 604 934 iura
614 877 714 944 Quiriti

124 950 237 1007 abstulit
247 949 356 1006 Iliaden.
386 950 490 1024 Corpus
499 953 609 1009 mortale
618 969 666 1023 per
675 969 756 1008 auras

72 1039 111 1083 ⁸25
124 1025 260 1098 dilapsum
270 1033 375 1092 tenues,
396 1045 445 1083 ceu
457 1028 506 1083 leta
517 1026 644 1098 plumbea
654 1025 738 1082 lunda

126 1101 208 1156 missa
218 1099 284 1157 solet
294 1101 381 1156 medio
389 1101 468 1174 glans
479 1102 641 1156 intabescere
650 1100 732 1157 coelo.

126 1175 239 1231 Pulchra
249 1175 322 1231 subit
330 1175 419 1241 iacies,
440 1183 466 1231 et
475 1174 664 1247 pulvinaribus
673 1174 734 1230 altis

125 1250 241 1324 dignior,
261 1258 287 1305 et
296 1249 385 1321 qualis
394 1251 503 1306 trabeati
513 1250 597 1307 lorme
605 1249 723 1316 Quirini.

126 1324 227 1390 Flebat,
248 1332 279 1380 ut
288 1325 429 1391 amissum,
447 1325 556 1391 coniux,
578 1341 664 1396 quum
675 1324 748 1397 regia
758 1328 830 1386 luno

73 1408 112 1454 ccc
127 1399 182 1454 Irin
192 1399 226 1454 ad
236 1399 377 1454 Hersiliam
388 1400 545 1456 descendere
555 1399 640 1455 limite
648 1415 730 1453 curvo

127 1474 249 1544 imperat,
270 1473 646 1530 etvaouaesuasicmaadata
656 1471 766 1530 referre:

128 1547 185 1603 Oet
194 1548 227 1602 de
236 1548 325 1613 Latio,
345 1555 400 1604 oet
408 1548 527 1623 degente
537 1549 635 1604 Sabina

127 1622 316 1695 praecipuum,
336 1630 465 1688 matrona,
485 1624 580 1690 decus,
601 1620 761 1696 dignissima
771 1629 839 1681 tanti

127 1697 281 1754 antefuisse
291 1698 353 1765 viri,
374 1698 473 1754 coniux
483 1716 556 1754 nuuc
565 1715 623 1752 esse
632 1695 750 1764 Quirini,

73 1781 113 1824 835
127 1772 191 1826 sisto
201 1773 362 1830 tucsssetus:
383 1781 418 1840 et,
440 1770 718 1829 sisihicuravidendi

127 1847 312 1918 coniugisest,
333 1849 402 1905 duce
411 1867 454 1906 me
464 1849 555 1906 lucum
565 1854 633 1920 pete,
653 1844 719 1902 colle
730 1843 838 1911 Quirini

127 1918 176 1989 qui
186 1919 262 1984 viret,
282 1924 448 1993 attemplum
457 1919 811 1995 Romaniregisobumbrat.

127 1992 213 2056 Paret,
233 1991 298 2046 etin
307 2000 404 2049 terram
413 1997 498 2066 pictos
507 1996 614 2067 delapsa
623 2012 671 2067 per
679 2010 767 2054 arcus.

128 2063 269 2122 Hersiliam
280 2066 363 2121 iussis
372 2068 512 2138 compellat
521 2071 632 2126 vocibus
641 2069 701 2124 Iris.

74 2149 114 2197 atu
128 2141 176 2198 Illa
186 2141 336 2200 verecundo
345 2142 392 2198 vix
401 2141 497 2197 tollens
508 2141 610 2201 lumina
619 2143 709 2208 vultu,

129 2217 152 2273 Ο
167 2218 229 2286 dea,
250 2216 378 2293 (namque
397 2215 465 2273 mihi
485 2234 534 2273 nec
548 2217 670 2291 quassis
684 2215 771 2272 dicere
783 2233 874 2288 prom·

608 2300 668 2349 tum
680 2298 729 2357 est,

129 2371 154 2418 et
164 2363 248 2436 liquet
256 2385 316 2423 esse
324 2365 422 2439 deam,)
436 2364 504 2431 duc,
524 2366 616 2433 oduc,
636 2364 739 2437 inquit,
760 2364 859 2420 etoffer

129 2438 252 2510 coniugis
261 2459 306 2497 ora
316 2442 398 2497 mihi:
419 2456 490 2512 quae
498 2441 522 2495 si
531 2441 610 2497 modo
619 2457 699 2513 posse
706 2438 796 2494 videre

130 2509 183 2563 feta
192 2513 274 2569 semel
283 2516 413 2581 dederint,
433 2513 798 2588 coelumaccepisselatebor.

76 2590 115 2638 att
130 2584 184 2641 Nec
194 2601 277 2650 mora,
297 2589 439 2646 Romuleos
449 2607 512 2646 cum
525 2591 630 2665 uirgine
640 2587 821 2643 Thaumantea

311 2876 339 2904 A
435 2894 444 2903 ..
