1874 2940
170 119 549 167 METAMORPHOSEON
567 124 636 169 LIB.
656 125 713 169 XII.
766 118 816 171 289

66 223 103 278 Et
115 228 149 284 te,
167 220 257 283 Caeni,
275 219 375 273 terant
393 221 464 291 (uam
475 227 504 272 tu
515 220 582 272 mibi
593 219 691 275 femina
700 239 815 294 semper,
831 230 871 277 lto

68 306 99 351 tu
109 295 177 348 mihi
188 293 283 349 Caenis
294 296 345 347 eris
354 294 371 365 ε)
391 311 438 347 nec
448 303 472 347 te
483 293 576 347 natalis
587 293 661 365 origo

69 366 253 425 commonuit?
272 377 440 438 mentemque
450 368 532 430 subit,
548 384 602 438 quc
612 368 728 436 praemia
739 369 815 435 lacto,

70 458 180 516 quaque
192 441 243 494 viri
256 440 348 495 salsam
357 441 471 511 speciem
483 441 601 494 mercede
610 441 730 510 pararis‘l

71 517 145 584 Quid
154 515 195 570 vel
207 523 267 569 nata
277 515 351 580 vide,
373 515 413 569 vel
425 515 490 585 quid
501 516 539 567 sis
550 532 641 585 passa:
663 515 816 588 columque,

71 592 92 656 i,
113 607 177 660 cape
186 606 248 643 curn
258 589 383 654 calathis,
404 597 429 642 et
439 589 551 642 stamina
562 588 656 659 pollice
666 599 773 661 torque:
833 598 872 645 tta

71 663 143 720 bella
152 663 273 735 relinque
283 663 358 717 viris.
389 663 494 716 lactanti
507 663 566 717 'talia
577 664 695 718 Caeneus

74 744 210 794 extentum
222 753 303 791 cursu
316 737 397 790 missa
409 737 478 791 latus
488 738 557 792 eruit
570 738 654 803 basta,

73 830 128 885 qua
139 811 181 865 vir
190 828 260 880 equo
272 811 433 865 commissus
446 820 510 867 erat.
541 814 617 866 Furit
627 812 672 866 ille
682 811 784 868 dolore:

74 885 200 955 nudaque
210 883 312 957 Phyllei
324 884 428 937 iuvenis
439 884 497 938 ierit
508 904 552 940 ora
563 887 671 941 sarissa.

73 963 134 1015 Non
144 975 221 1012 secus
231 959 295 1012 haec
305 957 395 1020 resilit,
403 975 484 1027 quam
496 961 553 1011 tecti
565 977 579 1012 a
589 960 822 1034 culminegrando,
835 967 873 1014 luo

75 1040 122 1088 aut
130 1033 153 1086 si
163 1033 225 1104 quis
236 1049 318 1103 parvo
330 1030 403 1084 leriot
413 1048 476 1084 cava
486 1040 541 1103 tyni
545 1050 612 1101 pana
624 1052 697 1088 saxo.

75 1108 205 1164 Cominus
215 1106 377 1178 aggreditur,
400 1103 527 1174 laterique
538 1106 677 1159 recondere
686 1107 755 1162 duro

76 1182 190 1237 luctatur
199 1179 330 1252 gladium.
360 1176 455 1234 Gladio
466 1177 518 1233 loca
529 1179 619 1248 pervia
631 1197 683 1233 nou
693 1188 767 1234 sunt.

75 1256 152 1310 Haud
164 1262 251 1308 tamen
263 1253 386 1326 effugies:
407 1252 495 1306 medio
504 1252 667 1324 iugulaberis
679 1270 751 1318 ense,

76 1327 295 1402 quandoquidem
313 1343 405 1382 mucro
417 1334 457 1380 est
466 1326 561 1392 hebes,
584 1326 687 1397 inquit,
709 1327 772 1381 etin
783 1325 822 1380 la-

120 1462 122 1466 .
572 1409 614 1454 tus
625 1418 716 1454 ensem
836 1408 875 1455 485

77 1477 206 1550 obliquat,
227 1476 360 1550 longaque
369 1476 536 1549 amplectitur
546 1475 590 1530 ilia
601 1476 702 1530 dextra.

76 1552 157 1625 Plaga
167 1551 230 1606 iacit
238 1552 365 1624 gemitus,
385 1561 415 1606 ut
425 1569 532 1623 corporo
543 1551 681 1606 marmoris
692 1551 751 1606 icti:

77 1625 213 1698 fractaque
221 1626 330 1680 dissiliit
339 1643 465 1696 percusso
477 1627 574 1680 lamina
585 1626 662 1680 collo.

77 1700 111 1756 Ut
120 1701 184 1754 satis
197 1699 302 1755 illaesos
311 1701 417 1754 miranti
428 1701 551 1772 praebuit
560 1709 647 1763 artus3

76 1777 224 1847 Nuncage,
245 1777 282 1828 ait
292 1774 420 1839 Caeneus,
442 1783 531 1834 nostro
541 1783 584 1826 tua
595 1789 702 1843 corpora
714 1771 781 1828 ierro
838 1779 876 1828 lto

76 1857 224 1914 tentemus;
245 1848 393 1919 capuloque
403 1856 481 1902 tenus
492 1847 599 1900 demisit
609 1847 636 1900 in
647 1864 735 1901 armos

78 1941 169 1978 ensem
180 1920 324 1988 letiferum,
345 1939 503 1992 caecamque
514 1922 652 1976 inviscera
664 1922 756 1987 movit,

77 1998 247 2069 versavitque
255 2014 377 2062 manum,
398 1996 553 2067 vulnusque
564 1996 591 2051 in
602 1996 711 2050 vulnere
721 1995 790 2050 fecit.

46 2085 49 2092 ·
77 2072 145 2124 Ecce
154 2078 237 2124 ruunt
246 2079 320 2126 vasto
330 2069 415 2141 rapidi
426 2070 539 2125 clamore
549 2071 720 2135 bimembres,

78 2143 184 2213 telaque
194 2144 221 2197 in
230 2143 492 2200 buncomnesunum
500 2145 661 2215 mittuntque
672 2144 822 2212 feruntque.
838 2148 877 2194 495

79 2214 141 2269 Tela
151 2222 238 2269 retusa
248 2216 360 2284 cadunt3
382 2228 471 2272 manet
481 2217 654 2289 imperfossus
665 2218 698 2270 ab
707 2216 790 2279 ornni,

79 2289 163 2360 inque
172 2296 325 2343 cruentatus
334 2290 453 2345 Caeneus
463 2292 582 2346 Elateius
596 2293 660 2344 ictu.

79 2363 187 2417 Fecerat
196 2363 318 2416 attonitos
329 2380 397 2418 nova
407 2383 458 2420 res.
489 2367 545 2419 Heu
555 2365 669 2417 dedecus
679 2359 789 2432 ingeusl

80 2435 229 2509 Monychus
238 2434 381 2491 exclamat:
402 2439 518 2510 populus
528 2453 685 2508 superamur
695 2435 803 2499 abuno,

81 2512 181 2584 vixque
190 2509 264 2565 viror
285 2526 450 2584 quamquam
460 2513 505 2567 ille
514 2513 556 2568 vir
568 2519 622 2564 est:
637 2527 685 2565 nos
696 2509 825 2582 segnibus

572 2584 647 2649 actis,
839 2593 877 2636 mo

120 2670 199 2727 Ouo.
211 2671 240 2726 Τ,
253 2670 286 2726 ll.
694 2668 722 2717 ’ἱ
