1904 2940
186 144 562 192 uunnuouruosnou
579 145 650 192 555.
664 126 709 194 55.
784 141 818 195 55

78 244 195 302 eonditor
204 244 270 300 urbe
279 261 342 313 eua;
362 252 491 317 tanquam
501 245 617 300 Fortuna
628 245 755 312 locorum,
833 258 872 302 555

78 339 131 376 555
142 327 379 390 euasepremeret:
401 319 541 393 longisque
549 320 682 376 erroribus
692 328 768 376 actus

78 395 188 469 contigit
196 393 315 468 Illyricos
324 393 436 468 profuge
448 411 510 450 eum
519 396 633 468 coniuge
642 396 719 450 fines.

78 471 188 542 lamque
208 467 287 524 malie
309 470 440 543 annisque
457 487 567 545 graves,
587 469 652 525 dum
672 470 758 541 prime
777 485 819 526 re-

606 551 718 600 tractant

78 617 245 684 laudemus,
266 615 441 692 releguntque
450 635 514 675 eune
523 636 644 674 sermone
654 618 770 676 labores.

79 695 150 748 Num
162 710 234 748 sacer
241 691 288 748 ille
295 710 354 747 mee
365 693 487 750 traiectus
496 693 607 767 cuspide
616 711 734 766 serpens,
834 705 873 750 555

78 767 195 825 Cadmus
204 768 249 834 eit,
270 766 358 834 luerit,
379 775 446 835 tum,
466 786 553 843 quum
562 769 659 825 Sidone
667 768 799 841 proiectus

78 843 197 915 vipereos
208 843 294 914 eperei
303 859 350 914 per
360 843 484 909 humum,
506 862 574 901 nova
584 844 695 910 semina,
709 843 820 900 dentes?

78 917 163 985 Quem
173 917 197 973 ei
207 935 270 973 eura
280 916 361 972 deum
372 925 426 973 tem
435 927 504 974 certe
513 919 631 975 vindicet
640 919 689 985 ire,

79 993 136 1064 ipse
146 1009 237 1064 precor
245 1009 354 1064 serpeus
363 992 392 1048 in
403 992 510 1121 lonqnm
520 993 640 1066 porrigar
648 993 750 1049 alvum.

79 1068 161 1132 Dixit,
181 1073 216 1132 et,
236 1073 267 1121 ut
276 1083 399 1138 serpeus,
420 1069 449 1122 in
468 1084 565 1140 ongum
578 1067 810 1136 tenditurnlvum3
835 1080 873 1122 555

80 1141 240 1213 durataeque
248 1141 303 1194 cuti
315 1157 442 1212 squamas
450 1141 593 1196 inereeoere
602 1142 690 1208 sentit,

81 1216 210 1289 nigraque
218 1213 345 1268 caeruleis
357 1215 453 1269 vnrinri
465 1231 572 1286 corpora
581 1215 678 1288 guttis:

80 1291 109 1345 in
118 1297 263 1360 pectusque
273 1286 342 1342 cudit
351 1304 466 1359 pronus:
487 1288 816 1363 commixtnqueinunum

80 1364 209 1436 paulatim
218 1362 292 1417 tereti
301 1369 444 1419 tenuantur
453 1363 575 1419 ueremine
586 1381 673 1420 55555.

80 1439 189 1494 Brachia
199 1439 252 1493 iem
261 1443 373 1493 restant:
394 1445 581 1510 quaerentent,
600 1437 708 1494 brachie
720 1437 818 1507 tendit3
836 1450 874 1493 555

80 1522 106 1568 et
116 1513 231 1568 lacrimis
240 1529 289 1585 per
300 1511 388 1568 adhuc
396 1513 513 1568 humane
523 1511 667 1569 fluentibus
675 1530 730 1580 orn,

79 1587 193 1654 Accede,
214 1587 351 1654 oconiux‚
373 1587 478 1654 urende,
499 1587 657 1653 miserrime,
678 1587 762 1643 dixit:

79 1662 199 1736 dumque
213 1661 317 1736 aliquid
333 1670 454 1735 superest
471 1663 505 1719 (le
517 1681 574 1730 me,
595 1680 638 1718 me
650 1670 742 1736 tange:
764 1679 820 1718 mr·

612 1754 733 1808 numque

80 1813 177 1886 accipe,
197 1812 264 1868 dnm
278 1829 376 1869 manue
388 1820 441 1883 eet;
461 1813 528 1869 dum
543 1830 596 1869 nou
614 1820 699 1868 totum
712 1820 822 1884 ooeupet

610 1888 717 1962 anguis.

80 1962 126 2017 Ille
134 1961 244 2036 quidem
254 1961 314 2018 vult
326 1961 404 2035 plura
413 1961 504 2036 loqui:
525 1961 788 2037 eedlinguerepente
838 1972 876 2015 555

80 2039 108 2092 iu
118 2045 204 2108 partes
214 2044 253 2092 eet
261 2037 326 2092 tissa
334 2036 412 2092 duae.
441 2038 496 2092 Nec
504 2037 584 2092 verbu
594 2036 713 2110 loquenti

81 2110 230 2166 sufficiunt:
250 2113 408 2185 quotieeque
418 2110 522 2184 eliquoe
531 2120 608 2184 perat
615 2112 691 2167 edere
699 2119 820 2184 questus,

81 2185 183 2240 sibilat:
204 2186 272 2240 hanc
282 2186 322 2241 illi
332 2204 424 2242 vooeru
436 2188 537 2242 Natura
547 2187 665 2259 reliquit.

82 2259 158 2313 Nuda
168 2277 250 2315 mann
259 2259 495 2316 lerieneexnlamnt
502 2271 605 2334 pectora
614 2261 723 2327 eoninx,

83 2333 189 2398 Cadme,
209 2351 303 2390 mane:
324 2343 411 2409 teque,
433 2334 535 2403 infelix,
549 2337 593 2391 his
602 2353 670 2392 exue
680 2333 816 2390 monstris.
838 2343 877 2387 555

82 2407 189 2473 Cadme,
210 2408 355 2480 quidhoc?
381 2411 433 2467 Ubi
441 2410 507 2484 peel
524 2412 572 2467 ubi
584 2419 650 2466 sunt
665 2408 823 2478 humerique

612 2501 708 2541 manus
728 2497 772 2549 ue,

80 2566 107 2611 et
114 2556 190 2623 color,
203 2564 231 2613 et
237 2555 328 2628 facies,
340 2566 377 2630 et,
387 2559 457 2619 dum
464 2559 576 2640 loquer,
585 2555 696 2620 urnuiu‘t
709 2499 771 2612 liu
778 2571 843 2607 unu

67 2646 240 2706 nequaque,
260 2636 404 2713 coelestes,
419 2635 710 2704 ineuntlemuertitie
716 2622 862 2703 unffi*Sl
