1874 2940
145 142 195 197 ³64
332 147 361 193 Ρ.
381 144 507 193 0v1n11
524 143 692 192 sacoma

143 265 243 322 perque
253 247 324 303 leves
333 265 412 303 auras
421 245 579 322 Hyperionis
588 244 654 300 urbe
662 245 774 317 potitus,

144 331 204 379 ante
214 323 282 380 iores
290 340 378 378 sacras
387 320 545 397 Hyperionis
555 319 618 375 aeda
629 321 742 392 reponit.

144 399 170 454 Si
183 406 270 454 tamen
279 406 319 452 ast
328 397 431 470 aliquid
440 397 523 451 mirae
534 394 657 450 novitatis
667 395 696 450 in
704 395 780 466 istie,

145 473 273 530 alternare
282 473 363 539 vices,
383 481 485 545 atquae
495 471 573 526 modo
582 468 764 545 feminatergo

91 557 131 603 410
144 566 223 621 passa
232 565 333 604 marem
343 555 392 610 eat.
408 563 548 603 nunceese
557 562 657 600 maram
665 544 891 624 miremurhyae-

619 635 692 675 narn.

145 697 175 753 id
185 713 301 770 quoque,
323 696 395 768 qued
406 697 490 751 ventis
500 693 598 749 animal
608 694 725 749 nutritur
734 701 760 750 et
769 713 846 765 anre,

145 773 267 843 protinus
277 768 424 832 assimulat.
445 767 530 840 tetigit
538 784 723 840 quoscumque
732 769 844 829 ceierae.

145 846 220 900 Victa
230 840 382 897 racemifero
391 840 484 915 lyncas
494 839 566 896 dedit
575 841 649 897 India
658 843 775 901 Baccho:

145 918 279 989 equibus,
299 923 331 970 ut
338 923 494 983 memorant,
514 916 647 990 quidquid
657 920 744 975 vesica
755 923 869 989 remisit,

93 1001 132 1047 415
146 991 257 1048 vertitur
266 991 294 1046 in
305 989 415 1064 lapides,
436 999 462 1047 et
469 991 589 1067 congelat
599 995 657 1048 aira
666 1001 743 1050 tacto.

145 1066 190 1123 Sic
199 1076 225 1123 et
233 1066 369 1134 coralium,
389 1069 572 1141 quoprimum
584 1069 695 1142 contigit
704 1085 783 1124 aurae

145 1151 271 1217 tempore,
291 1143 419 1199 durescit:
440 1143 529 1199 mollia
540 1140 590 1197 init
598 1141 679 1196 herba
689 1143 742 1198 sub
752 1145 845 1203 undis.

147 1219 253 1276 Desinet
262 1227 321 1275 ante
329 1218 396 1285 dies,
415 1217 478 1273 etin
488 1216 540 1273 altc
549 1216 671 1272 Phoebus
682 1217 791 1274 anhelos

147 1312 259 1368 aequore
270 1295 353 1368 tinget
361 1311 453 1366 equos,
464 1309 546 1366 qnam
556 1308 703 1365 consequar
711 1294 802 1349 omnia
811 1295 892 1353 dictis

94 1378 132 1426 424
147 1371 176 1425 in
186 1371 285 1442 species
295 1368 419 1424 translata
432 1385 525 1424 novas.
557 1367 601 1422 Sic
609 1368 699 1423 omnia
710 1369 777 1422 verti

147 1446 291 1510 cernimus,
312 1451 392 1516 atque
401 1441 460 1497 illas
471 1459 607 1498 assumere
616 1442 708 1498 robora
717 1451 820 1518 gentes,

147 1518 282 1574 concidere
292 1519 351 1573 has.
375 1517 419 1573 Sic
429 1535 525 1591 magna
534 1516 730 1589 initceneuqna
739 1517 871 1592 virisque,

146 1610 247 1668 perque
256 1592 345 1649 decem
355 1592 441 1665 potuit
449 1600 553 1647 tantum
568 1591 631 1647 dare
640 1591 781 1665 sanguinis
793 1611 889 1659 annos,

148 1687 221 1727 nunc
230 1667 342 1725 humilis
351 1674 451 1723 veteres
463 1666 647 1723 tantummodo
656 1667 734 1722 Troia
742 1668 835 1725 ruinae

95 1753 134 1800 425
147 1754 174 1800 et
182 1763 231 1817 pro
239 1744 341 1800 divitiis
350 1741 469 1800 tumulos
478 1742 592 1799 ostendit
601 1759 723 1798 avorum.

150 1818 236 1894 [Clara
245 1819 297 1876 fuit
306 1820 411 1893 Sparta:
431 1836 544 1894 magnae
554 1820 582 1876 vi
621 1835 664 1873 ere
672 1818 812 1892 Mycenae:

148 1895 435 1968 necnonatdecrcpis‚
457 1913 568 1953 necnon
601 1892 828 1964 mphicniearcee.

147 1963 207 2021 Vile
215 1965 304 2020 solum
313 1967 405 2037 Sperne
414 1977 466 2024 ast:
486 1969 554 2024 altae
562 1967 677 2022 cecidere
686 1968 819 2042 Mycenae.

148 2037 426 2110 Oedipodioniaaquid
437 2049 510 2106 sunt,
530 2040 711 2108 uninomina,
731 2038 854 2097 Thebae?

95 2126 134 2174 43⁰
148 2112 220 2184 Quid
229 2111 388 2170 Pandioniae
397 2119 509 2178 restant,
530 2113 583 2169 nisi
594 2131 700 2183 nomen,
720 2114 866 2192 Athenaei]

148 2193 227 2251 Nunc
239 2204 348 2265 quoque
359 2186 518 2244 Dardaniam
531 2185 602 2244 iama
617 2197 658 2245 cst
665 2207 825 2266 consurgere
838 2192 892 2247 Ro-

625 2283 712 2321 mam:

149 2340 384 2415 Appenninigenae
394 2352 462 2410 quae
474 2340 595 2410 proxima
604 2339 749 2417 Thybridis
758 2339 840 2395 undis

149 2417 220 2470 mole
228 2417 280 2473 sub
289 2417 319 2471 in
337 2414 391 2470 enti
401 2414 656 2473 rerumfundamina
665 2414 750 2488 ponit.

149 2488 219 2544 Haec
228 2490 310 2564 igitur
318 2433 430 2545 dormam
440 2491 581 2548 crescendo
589 2497 684 2556 mutat,
704 2488 803 2544 etolim

18 2617 20 2622 ,
96 2567 136 2615 435
149 2562 275 2618 immensi
285 2563 447 2637 caputorbis
456 2565 514 2621 erit.
543 2566 588 2622 Sic
596 2568 682 2621 dicere
691 2571 774 2628 vates,

130 2634 418 2717 anennqnoserunt
429 2647 529 2705 sortes:
550 2636 882 2720 quantumqnereeercsn
