1874 2940
160 130 539 177 METAMORPHOSEON
558 132 627 176 LIB.
647 131 703 178 VII.
755 127 803 179 165

60 248 147 302 quum
157 229 268 285 facerem
279 229 357 295 natis,
376 230 497 304 mugitus
507 229 614 285 victima
624 230 695 287 diros

47 305 155 372 edidit,
177 313 202 360 et
212 305 301 360 subito
309 303 423 376 collapsa
433 306 491 360 sine
500 303 597 358 ictibus
606 303 669 359 ullis

61 382 159 454 exiguo
170 380 249 434 tinxit
258 379 390 435 subiectos
400 378 531 454 sanguine
540 378 650 433 cultros.

62 455 142 510 Fibra
152 471 261 526 quoque
270 472 347 529 aegra
358 463 432 510 notas
442 454 507 519 veri,
515 453 688 525 monitusque
696 453 806 509 deorum
822 466 861 510 too

62 529 226 602 prodiderat:
248 529 335 584 tristes
344 529 524 601 penetrantad
534 529 635 584 viscera
648 528 745 582 morbi.

62 606 131 660 Ante
140 622 229 659 sacros
238 604 293 659 vidi
303 605 417 676 proiecta
430 604 555 659 cadavera
565 611 668 675 postes:

64 686 124 734 ante
134 679 221 751 ipsas,
241 697 296 753 quo
304 697 375 734 mors
384 678 449 734 foret
458 679 629 745 invidiosior,
650 694 719 732 aras.

62 756 127 809 Pars
137 755 256 810 animam
269 753 365 826 laqueo
373 753 515 820 claudunt,
530 753 677 825 mortisque
687 752 809 808 timorem

65 836 147 884 morte
156 829 266 904 fugant:
288 830 411 901 ultroque
421 839 516 884 vocant
525 827 658 885 venientia
671 826 734 883 fata.
827 838 865 880 605

65 904 179 975 Corpora
189 905 273 958 missa
284 904 342 959 neci
353 902 435 957 nullis
445 903 478 957 de
487 922 560 959 more
569 902 692 958 feruntur

66 978 220 1031 funeribus:
242 977 410 1049 nequeenim
421 977 662 1047 capiebantfunere
671 984 771 1049 portae.

66 1052 120 1104 Aut
129 1050 268 1104 inhumata
278 1057 404 1120 premunt
414 1057 509 1105 terras:
531 1059 577 1105 aut
586 1051 684 1105 dantur
693 1051 722 1106 in
733 1049 799 1106 altos

68 1122 184 1177 indotata
194 1138 281 1194 rogos.
311 1122 707 1177 Etiamrevereutianuflaest:

68 1196 154 1267 deque
165 1196 237 1266 mgis
247 1204 382 1266 pugnant,
404 1194 552 1266 alienisque
562 1196 673 1267 ignibus
682 1196 784 1251 ardent.
830 1209 868 1252 610

68 1269 121 1336 Qui
133 1267 285 1332 lacrimem,
307 1267 417 1342 desunt:
439 1268 627 1339 indefletaeque
636 1277 767 1341 vagantur

69 1351 193 1400 natarum
203 1348 374 1414 matrumque
384 1342 498 1409 animae,
515 1343 698 1415 iuvenumque
707 1360 817 1399 senum·

624 1435 667 1473 uo.

69 1489 384 1559 Neoloousintumufos‚
405 1435 785 1570 neosuffioitardorinignes.

106 1566 240 1623 Attonitus
251 1574 323 1623 tanto
332 1568 492 1624 miserarum
501 1568 608 1624 turbine
617 1586 719 1636 rerum,

69 1643 169 1714 Iupiter
178 1660 208 1709 o,
228 1639 300 1710 dixi,
321 1643 344 1698 si
356 1652 381 1698 te
391 1663 444 1701 non
456 1643 520 1700 falsa
531 1643 678 1716 loquuntur
832 1656 871 1698 615

70 1717 138 1773 dicta
149 1718 201 1773 sub
210 1717 351 1790 ampiexus
360 1719 478 1794 Aeginae
486 1718 617 1790 Asopidos
627 1719 695 1773 isse:

69 1810 118 1848 nee
127 1801 166 1859 te,
186 1810 284 1866 magne
294 1801 376 1865 peter,
398 1795 480 1850 nostri
490 1794 573 1865 pudet
582 1811 640 1848 esse
650 1800 801 1865 parentem:

69 1876 115 1924 aut
135 1868 203 1924 mihi
222 1868 302 1924 redde
320 1887 403 1936 meos,
423 1876 470 1925 out
487 1886 530 1924 me
548 1885 656 1996 quoqu?
674 1867 757 1923 oonde
776 1885 818 1922 se·

622 1960 706 1998 uoro.

69 2017 116 2072 Ille
127 2025 216 2073 notam
227 2017 330 2092 fulgore
340 2017 425 2082 dedit,
446 1960 740 2090 tonitruquepsecundo.

69 2092 192 2162 Accipio,
214 2093 321 2164 sintque
331 2093 380 2147 ista
391 2109 482 2164 precor
491 2090 576 2147 felicia
587 2093 683 2147 mentis
835 2100 873 2142 ouo

71 2166 227 2236 signatore,
248 2166 320 2221 dixi:
341 2167 414 2238 quod
424 2166 472 2221 das
482 2165 565 2232 mihi,
585 2167 710 2240 pigneror
720 2179 808 2218 omen.

71 2239 150 2293 Forte
158 2236 209 2291 fuit
218 2239 292 2293 iuxta
302 2240 402 2311 patulis
412 2240 549 2295 rarissima
558 2243 640 2295 ramis

73 2327 147 2365 sacru
157 2311 212 2365 lovi
222 2328 337 2382 quercus
346 2314 380 2369 de
389 2314 491 2369 semine
500 2315 648 2371 Dodonaeo.

73 2385 122 2441 Hic
134 2401 183 2439 nos
193 2382 338 2458 frugilegas
348 2389 503 2459 aspeximus
513 2391 619 2462 agmine
631 2387 710 2458 longo

74 2458 175 2534 grande
183 2475 252 2513 onus
262 2459 360 2532 exiguo
370 2461 492 2517 formicas
501 2481 546 2518 ore
554 2469 683 2536 gerentes,
837 2470 881 2508 At&

75 2550 227 2607 rugosoque
237 2550 317 2588 suum
328 2545 466 2592 servantes
475 2534 699 2594 caruissemus„

75 2611 144 2664 Dum
153 2626 301 2668 numerum
313 2611 412 2684 miror,
420 2614 650 2683 Totidempnter
662 2591 880 2670 estimem
