1874 2940
155 124 204 178 360
339 130 370 177 1¹.
391 128 518 178 ovmn
535 128 702 177 rtseortts

152 228 316 304 poenituisse
324 229 424 286 ferunt:
445 229 635 296 alienamini,
655 230 775 289 cneum.

153 305 208 361 Nee
218 323 272 361 non
281 305 399 361 Sicanias
408 304 518 361 aoltnns
526 305 681 361 Amenanus
691 322 785 362 aranas

100 391 139 436 tet
153 379 302 447 nunctum,
322 380 456 436 interdum
466 379 745 452 suppressisiontibus
755 389 818 438 anst

153 454 379 523 Antebibebatur,
400 470 482 520 nuno,
502 471 570 526 quas
579 454 732 543 eontingare
741 455 821 523 nolis,

152 528 241 617 {antiit
249 529 461 660 Anigroanuas:
472 537 614 618 postquam
622 528 685 603 (nist
694 527 802 587 vatibus
808 535 898 589 omnis

152 604 729 752 tritttnttttt'tttttttttm
738 695 827 736 nn.

100 765 138 810 2⁸5
153 751 242 820 Quid?
253 771 307 808 non
317 761 342 807 et
350 751 481 824 Scythicis
490 753 610 826 Hypanis
621 753 801 810 dementibus
811 766 897 824 ortus,

153 823 400 898 quifueratdulcis‚
421 824 523 882 salibus
533 827 768 885 vitiaturnmsris?

153 898 292 955 Fluctibus
301 899 415 955 ambitae
424 898 528 958 fuerent
535 901 643 962 Antias
653 904 816 977 Pharosque,

153 982 178 1029 et
186 972 330 1029 Phoenissa
339 974 439 1051 Tyros:
453 994 568 1050 quarum
579 995 652 1033 nune
661 978 751 1034 insula
762 979 836 1035 nulia
846 989 896 1038 est.

153 1048 273 1106 Leucada
281 1050 435 1108 continuam
444 1059 545 1108 veteres
554 1052 670 1109 habuere
678 1053 778 1110 onloni:

99 1138 138 1183 tto
153 1123 454 1183 nuncfretaoircuiiunt.
475 1126 569 1182 Zancle
577 1144 686 1200 quoque
695 1128 784 1184 iuncta
794 1127 880 1187 fuisse

153 1202 251 1258 dicitur
258 1200 360 1258 ltaliae:
381 1201 464 1258 donea
475 1201 588 1257 oonfinia
597 1208 696 1274 pontus

153 1275 272 1343 abstulit,
292 1284 317 1332 at
327 1276 414 1333 medin
423 1275 545 1333 tellurem
557 1276 654 1349 repulit
662 1274 745 1332 unda.

153 1352 180 1407 Si
192 1368 305 1424 quaeras
315 1351 420 1407 Helicen
430 1359 456 1407 et
464 1352 556 1416 Burin.
578 1350 710 1407 Achaidas
718 1350 810 1418 urbas,

100 1511 139 1556 ιι
153 1425 446 1556 ἷὲἔιῖἓῗϊῗιὲῗῖἷῗέι
455 1425 830 1574 ἒὲἒέιὲῧῖἱῗὲῗὲἔὲἰῖἓῖῗ

152 1574 202 1629 Est
210 1590 292 1646 prope
303 1574 432 1630 Pittheam
441 1575 565 1633 tumulus
574 1577 715 1642 Troezena,
735 1576 795 1632 sine
804 1575 869 1632 ullis

153 1649 254 1706 arduus
264 1648 412 1715 arboribus.
434 1650 571 1724 quondam
580 1651 737 1725 planissima
745 1652 833 1723 campi

154 1743 222 1791 area,
244 1725 461 1783 nunetnmulus:
482 1744 556 1795 nam,
576 1725 861 1793 reshorrendnrelatu.

154 1800 196 1855 vis
206 1799 260 1856 fara
268 1809 418 1869 ventorum,
438 1801 523 1859 caecis
533 1802 637 1859 inclusa
646 1801 777 1867 cavernis,

100 1883 140 1927 att
154 1873 288 1943 exspirare
296 1875 516 1951 aliquanupiens,
538 1878 686 1949 luctataque
696 1876 795 1932 irustrn

154 1944 276 2001 liberiore
286 1947 339 2002 frui
349 1952 429 2017 coelo,
450 1969 537 2024 quum
548 1969 650 2006 narnere
659 1951 728 2007 rima

154 2018 229 2077 nulla
239 2017 374 2087 tenattem,
394 2041 443 2078 neo
453 2025 544 2096 pervia
557 2024 752 2092 flatibusesset,

154 2101 285 2152 extentam
295 2094 428 2151 tumefecit
437 2099 567 2154 humum:
588 2115 636 2155 osu
649 2098 823 2171 spiritusorit

154 2171 260 2228 tendere
268 2171 384 2228 vesicam
393 2171 467 2238 solet,
488 2180 535 2229 aut
543 2172 644 2248 direpta
654 2176 771 2231 bicornis

101 2257 140 2301 att
155 2256 193 2303 ter
211 2247 317 2320 anapri.
347 2249 447 2304 Tumor
455 2246 501 2303 ille
512 2247 563 2305 loni
572 2250 733 2323 permansit3
754 2255 780 2305 at
791 2247 838 2305 alti

154 2265 451 2396 ooffishabetspeniem,
472 2321 605 2400 longoque
614 2326 736 2382 induruit
746 2342 821 2380 aevo.

154 2396 272 2457 Plurima
282 2416 367 2469 quum
378 2396 490 2453 subeant
499 2401 588 2457 audita
598 2409 644 2457 aut
653 2400 758 2476 cognita
770 2398 857 2463 vobis,

154 2486 239 2541 pauca
248 2489 330 2543 super
338 2472 459 2528 referam.
479 2473 632 2540 Quid‘inon
641 2481 667 2529 et
675 2474 787 2552 lympha
796 2473 897 2546 figuras

149 2544 252 2618 datque
260 2547 385 2623 capitque
394 2547 494 2604 novas?
521 2549 607 2606 Medio
620 2558 681 2614 tun,
701 2546 899 2621 eornigerAm-

634 2640 716 2688 men,
