1874 2940
239 172 626 220 METAMORPHOSEON
644 175 714 220 LIB.
733 175 764 220 11.
842 171 874 222 39

126 271 194 331 Coll'
216 273 237 327 't
245 270 496 328 amentesetadhuo
505 278 602 326 terrore
611 281 737 344 paventes

125 349 199 404 Phoe
217 363 354 419 usequos:
366 344 872 417 stimuloquedolensetverberesaevrt:

126 421 305 486 saevitenim,
326 427 473 491 natumque
482 420 594 475 obiectat
603 428 628 475 et
639 421 753 491 imputat
765 422 829 478 illis.
888 434 928 480 400

165 494 201 553 At
208 503 283 567 pater
290 494 459 566 omnipotens
469 494 586 567 ingentia
598 495 702 550 moenia
711 495 776 551 coeli

127 569 236 626 circuit:
256 576 292 638 et,
313 586 347 624 ne
356 568 424 641 quid
432 567 589 623 labefactum
600 570 705 624 viribus
714 570 786 643 ignis

128 650 245 709 corruat,
264 642 392 714 explorat.
423 641 496 708 Quae
507 651 649 714 postquam
660 645 735 698 firma
746 647 843 717 suique

127 717 232 776 roboris
241 734 300 772 esse
308 716 394 772 videt:
415 724 497 770 terras
509 717 705 790 hominumque
715 718 816 774 labores

127 791 265 866 perspicit.
293 790 420 846 Arcadiae
430 798 517 845 tamen
528 799 568 846 est
577 792 723 864 impensior
732 793 772 848 illi
889 806 928 852 405

128 882 281 923 curasuae:
301 864 450 936 fontesque,
472 874 497 919 et
507 866 627 922 nondum
637 868 760 923 audentia
770 868 822 925 labi

128 941 243 997 tlumina
251 939 380 1007 restituit,
400 939 445 993 dat
454 945 537 994 terrae
545 942 677 1013 gramina,
698 941 803 998 frondes

129 1014 284 1081 arboribus;
304 1013 441 1084 laesasque
452 1013 525 1068 iubet
533 1015 690 1070 revirescere
704 1016 796 1073 silvas.

129 1088 288 1154 Dumredit,
309 1087 383 1158 itque
391 1087 532 1158 irequeus3
554 1089 582 1143 in
594 1091 696 1163 virgine
706 1092 853 1148 Nonacrina

129 1163 226 1228 haesit,
245 1162 378 1233 etsocepti
388 1160 491 1216 caluere
501 1163 553 1217 sub
562 1164 670 1218 ossibus
680 1165 766 1236 ignes.
889 1176 928 1221 tto

129 1238 191 1294 Non
200 1243 256 1293 erat
265 1236 347 1291 huius
357 1253 425 1307 opus
436 1234 523 1289 lanam
534 1236 638 1290 mollire
650 1237 790 1300 trahendo;

130 1328 181 1369 uec
189 1310 289 1384 positas
299 1310 400 1365 variare
410 1326 513 1364 comam:
534 1309 581 1362 sed
592 1307 791 1373 fibulavestem,

131 1387 197 1443 vitta
205 1385 340 1441 coercebat
351 1383 482 1457 neglectos
492 1381 551 1436 alba
562 1381 681 1453 capillos,

130 1468 159 1517 et
175 1459 254 1516 modo
268 1457 326 1516 leve
342 1475 425 1513 manu
444 1456 576 1523 iaculum,
598 1457 677 1513 modo
691 1468 823 1514 sumserat
831 1479 874 1516 ar·

666 1550 739 1588 cum.

129 1605 411 1667 Mileseratl’hcebea:
433 1625 482 1664 nec
493 1607 630 1664 Maenalon
645 1609 730 1682 attigit
739 1608 793 1664 ulla
887 1619 928 1666 445

179 1681 231 1739 tior
240 1683 290 1737 hac
299 1683 404 1738 Triviae
445 1682 852 1757 Sednullapotentialongaest.

129 1700 248 1813 ffinmius
257 1757 374 1828 spatium
383 1757 471 1814 medio
480 1757 524 1814 Sol
534 1757 604 1812 altus
613 1758 740 1826 habebat;

171 1831 301 1886 umeubit
311 1830 356 1886 illa
367 1849 472 1896 nemus,
492 1832 565 1904 quod
575 1831 649 1886 nulla
659 1830 787 1886 ceciderat
796 1840 876 1888 aetas.

154 1905 215 1961 xuit
223 1905 268 1960 hio
277 1906 389 1961 humero
397 1907 557 1977 pharetram,
578 1905 715 1977 lentosque
725 1907 837 1961 retendit

130 1997 224 2037 arcus:
247 1978 331 2051 inque
339 1979 404 2046 solo,
425 1980 497 2052 quod
507 1987 605 2035 texerat
615 1980 706 2045 herba,
729 1980 842 2036 iaccbat:
888 1989 928 2036 420

131 2062 158 2109 et
168 2054 267 2125 pictam
276 2054 361 2126 posita
372 2054 522 2124 pharetram
532 2055 633 2109 cervice
643 2055 788 2125 premebat.

14 2118 23 2144 ⁸
131 2127 232 2199 Iupiter
240 2134 271 2183 ut
280 2128 346 2183 vidit
360 2128 456 2183 lessam
466 2136 492 2183 et
500 2129 608 2184 custode
617 2136 769 2196 vacantem

130 2200 483 2258 Hoccerteiurtumconiux
492 2204 667 2267 mecummet,
690 2203 792 2274 inquit:

132 2281 179 2331 aut
190 2276 214 2330 si
224 2275 350 2340 rescierit,
369 2285 434 2331 sunt
443 2294 458 2332 o
467 2285 532 2331 sunt
541 2277 627 2350 iurgia
637 2277 712 2331 tanti.

130 2350 255 2405 Protinus
266 2350 387 2405 induitur
396 2350 489 2405 faciem
500 2349 657 2422 cultumque
670 2351 777 2414 Dianae,
890 2357 929 2403 405

132 2431 212 2496 atque
220 2425 266 2489 ait,
285 2423 456 2490 Ooomitum,
476 2426 562 2497 virgo,
583 2443 645 2496 pars
655 2443 709 2479 una
719 2441 848 2488 mearum,

131 2498 270 2571 inquibus
283 2515 312 2552 es
322 2508 414 2553 venata
426 2499 515 2572 iugis‘l
537 2500 574 2552 De
583 2499 681 2568 cespite
691 2499 766 2568 virgo

131 2572 253 2628 relevat:
275 2581 310 2636 et,
330 2571 527 2636 Salvenumen,
551 2573 700 2636 meludice,
720 2570 797 2634 dixit,

131 2645 367 2720 audiatipselicet,
388 2647 558 2703 maiusloue.
585 2646 677 2710 Ridet,
694 2643 824 2708 stendit,
