1904 2940
127 128 175 180 tto
316 133 347 179 Ρ.
368 132 680 182 ov1n11NAsott10

125 233 284 307 clavigeram
294 233 362 289 vidit
369 232 482 291 Vulcani
492 233 648 290 occumbere
656 233 758 307 prolem
768 256 772 291 ε

125 308 193 364 vidit
202 316 227 363 et
237 308 368 364 immitem
377 308 520 381 Cephesias
528 324 574 365 ora
587 309 759 366 Procrusten:

126 382 268 458 Cercyonis
278 383 361 440 letum
369 384 437 440 vidit
446 381 559 440 Cerealis
568 382 690 440 Eleusin.

73 465 111 513 445
126 453 227 514 Occidit
236 458 280 514 ille
289 458 370 524 Sinis,
390 458 497 533 magnis
506 457 575 514 male
584 458 688 515 viribus
697 477 779 528 usus3

125 535 175 606 qui
184 541 284 605 poterat
291 550 401 590 curvare
413 532 514 601 trabes,
534 539 560 588 et
570 533 664 606 agebat
675 534 709 590 ch
722 533 775 591 alto

126 608 161 664 ad
170 608 327 665 terram'latc
336 624 476 680 sparsuras
487 624 595 679 corpora
605 607 698 679 pinus.

127 685 212 739 Tutus
221 683 255 738 ad
263 682 420 749 Alcathoen,
440 680 561 757 Lelegeia
570 683 684 749 moenia,
705 682 792 750 limes,

127 758 271 830 composito
279 756 395 823 Scirone,
414 763 499 829 patet:
519 756 674 829 sparsisque
684 756 794 814 latronis

74 839 113 886 445
127 839 195 887 terra
204 838 282 905 nogat
291 830 395 898 sedem,
415 830 506 886 sedem
517 831 809 905 negatossibusundaa

126 922 197 979 quae
205 906 297 960 iactata
306 905 354 961 diu
363 904 446 961 fertur
454 905 567 961 durasse
578 913 696 962 vetustas

128 982 157 1038 in
166 980 302 1052 scopulos:
323 980 441 1054 scopulis
450 996 548 1038 nomen
558 979 675 1037 Scironis
684 981 812 1038 inhaeret.

127 1055 155 1111 Si
165 1055 255 1111 titulos
263 1073 401 1130 annosque
411 1062 471 1112 tuos
479 1072 620 1112 numerare
627 1055 755 1126 velimus;

126 1129 427 1203 lactapremantannos.
455 1130 557 1198 Prote,
577 1129 733 1198 fortissime,
753 1139 814 1188 vota

73 1214 112 1261 455
126 1205 234 1278 publica
244 1207 422 1281 suscipimus:
436 1206 531 1263 Bacchi
541 1205 590 1262 tihi
600 1207 735 1265 sumimus
745 1206 869 1265 haustus.

127 1281 260 1339 Consonat
268 1300 379 1339 assensu
388 1281 481 1355 populi
490 1281 669 1356 precibusque
677 1281 814 1339 faventum

126 1359 212 1432 regia:
234 1376 283 1412 nec
293 1366 345 1414 tota
355 1358 437 1412 tristis
448 1357 522 1414 locus
531 1357 605 1413 ullus
614 1358 642 1412 in
653 1358 721 1413 urbe
728 1365 779 1412 ost.

164 1434 218 1486 Nec
226 1432 416 1505 tamen(usqus
424 1431 489 1487 adeo
498 1431 617 1488 nullaest
625 1432 727 1488 sincera
735 1432 868 1504 voluptas,

127 1505 324 1577 sollicitumque
333 1504 437 1577 aliquid
445 1504 520 1561 laetis
530 1507 674 1563 intervenit
680 1506 698 1581 ;)
710 1506 815 1581 Aegeus

74 1588 112 1634 455
126 1577 224 1654 gaudia
233 1580 350 1650 percepit
359 1584 421 1633 nato
430 1595 523 1634 secura
531 1587 643 1650 recepto.

125 1652 280 1723 Bellaparat
290 1653 391 1709 Minos:
412 1652 462 1724 qui
474 1669 639 1724 quamquam
654 1653 752 1718 milite,
773 1671 871 1726 quam-

603 1743 686 1798 quam

128 1800 302 1870 claraevalet;
322 1800 407 1873 patria
416 1807 504 1855 tamen
514 1809 555 1856 est
563 1801 735 1856 firmissimus
744 1801 797 1855 ira:

128 1875 314 1948 Androgeique
323 1892 413 1930 necem
423 1876 501 1930 iustis
512 1875 650 1930 ulciscitur
659 1876 751 1929 ermis.

126 1951 195 2006 Anto
204 1956 292 2004 tamen
300 1948 370 2005 bello
379 1950 449 2005 vires
459 1951 572 2022 acquirit
580 1950 688 2013 arnicas,

73 2037 112 2083 455
127 2040 234 2098 quaque
243 2032 332 2094 patent
341 2023 443 2090 aditus,
463 2025 564 2080 volucri
574 2023 865 2094 fretaclassepererrat.

126 2101 194 2154 llinc
202 2096 330 2170 Anaphen
341 2099 392 2154 sibi
402 2100 500 2174 iungit,
520 2107 545 2153 et
554 2097 706 2173 Astypaleia
716 2114 811 2172 regna3

96 2198 100 2214 ο
126 2174 265 2248 promissis
275 2174 418 2245 Anaphen,
439 2192 520 2248 regna
529 2173 682 2248 Astypaleia
692 2172 773 2228 bello:

126 2251 190 2306 hinc
200 2248 330 2304 humilem
338 2249 483 2322 Myconon,
504 2257 657 2321 cretosaque
669 2266 731 2304 rura
741 2246 846 2311 Cimoli,

126 2325 315 2397 florentemque
334 2323 472 2399 Cythnou,
502 2324 625 2410 Scyron,¹
642 2323 805 2397 planamque
822 2322 868 2378 Se·

73 2483 113 2530 455
128 2491 355 2548 marmoreamque
373 2475 473 2541 Paron,
497 2399 734 2547 quaquloplidlpla
752 2473 868 2545 prodidit

127 2625 244 2682 Sithonis
258 2632 375 2698 accepto,
396 2626 469 2699 quod
482 2643 559 2681 avara
571 2550 732 2698 mdddderat,
754 2640 828 2679 auro.
