1874 2940
162 141 211 197 {28
356 145 384 191 P.
405 141 530 190 ovum
548 142 713 190 NASONIS

160 256 199 302 ter
208 252 302 318 quater
310 242 444 300 Idmoniae
453 240 566 299 frontem
575 244 706 316 percussit
715 243 861 299 Arachnes.

160 323 220 378 Nou
231 320 292 377 tulit
300 319 406 386 infelix,
426 316 575 392 laqueoque
586 318 705 374 animosa
718 317 811 392 ligavit

107 408 146 451 115
160 403 282 470 guttura:
302 395 461 467 pendentem
471 392 557 449 Palles
567 393 690 449 misemta
701 392 814 449 levavit:

161 471 359 544 atqueita‚Vive
366 468 485 543 quidem,
493 468 683 541 pendetamen‚
690 468 903 540 improbadixit:

162 546 257 619 lexque
265 545 357 602 eadem
367 561 480 617 poenae,
501 557 535 598 ne
547 543 585 599 sis
594 560 687 598 secura
696 541 790 609 futuri,

161 621 230 676 dicta
238 629 284 677 tuo
292 621 382 694 generi
395 621 516 690 serisque
526 619 667 690 nepotibus
676 625 742 674 esto.

162 697 262 751 Postea
272 695 409 750 discedens
419 694 505 748 succis
515 692 774 748 Hecateidosherhae

109 779 147 824 tlt
162 770 277 842 spargit:
298 777 324 824 et
333 767 464 839 extemplo
474 767 543 822 tristi
554 768 729 822 medicamine
738 775 821 823 tactae

162 843 294 899 defluxere
302 860 405 908 comae,
425 842 846 913 cumquehisetnarisetaures:

162 919 246 991 fitque
255 925 334 989 caput
346 917 489 973 minimum
499 924 605 988 totoque
614 924 655 971 est
663 934 771 988 corpore
780 935 873 989 parva.

162 995 193 1049 In
204 992 283 1047 latere
292 991 374 1047 exiles
384 990 461 1066 digiti
470 1008 519 1064 pro
527 991 652 1047 cruribus
660 991 778 1047 haerent.

163 1066 268 1124 Caetera
279 1075 368 1123 venter
377 1066 469 1122 habet:
490 1065 523 1121 de
532 1083 586 1139 quo
595 1074 683 1122 tamen
693 1065 740 1122 illa
751 1068 861 1122 remittit

108 1150 148 1197 115
162 1151 278 1208 stamen,
299 1150 325 1198 et
333 1143 457 1216 antiquas
465 1149 568 1198 exercet
576 1158 671 1197 manen
680 1140 755 1197 telas.

198 1218 283 1293 Lydia
294 1226 346 1273 tota
355 1217 457 1274 fremit:
477 1217 826 1292 Phrygiaequeperoppida
836 1217 897 1274 lacti

162 1311 254 1351 rumor
264 1294 294 1360 it,
315 1302 341 1349 et
350 1311 479 1368 magnum
490 1293 659 1348 sermonibus
669 1294 893 1364 occupatorbem.

161 1370 229 1425 Ante
240 1387 303 1424 suos
313 1369 397 1425 Niobe
406 1368 537 1423 thalamos
546 1373 705 1440 cognoverat
713 1366 797 1433 illam,

161 1453 226 1499 tunc
234 1460 319 1515 quum
330 1444 477 1499 Maeoniam
486 1443 562 1516 virgo
572 1440 750 1516 Sipylumque
759 1441 876 1498 colebat:

108 1529 147 1571 1511
162 1535 211 1572 nec
219 1525 307 1572 tamen
317 1517 450 1571 admonita
459 1524 499 1572 est
508 1533 592 1589 poena
604 1514 742 1588 popularis
751 1516 889 1575 Arachnes

162 1590 252 1646 cedere
260 1590 408 1654 coelitibus,
429 1591 571 1662 verbisque
582 1593 732 1647 minoribus
742 1592 791 1647 uti.

162 1663 245 1720 Multa
254 1664 353 1719 dabant
362 1665 476 1719 animos.
496 1663 548 1719 Sed
557 1666 629 1720 enim
640 1666 813 1740 necconiugis
823 1675 903 1734 artes,

162 1757 211 1796 nec
219 1756 305 1813 genus
315 1740 469 1805 amborum,
489 1740 635 1813 magnique
643 1743 759 1812 potentia
768 1743 854 1816 regni,

161 1816 201 1870 sic
209 1813 331 1886 placuere
339 1814 389 1881 illi,
403 1814 537 1888 (quamvis
547 1832 577 1869 ea
587 1823 681 1871 cuncta
689 1816 844 1892 placerent)

107 1901 147 1945 155
161 1897 191 1944 ut
200 1906 249 1944 sua
259 1890 411 1962 progenies:
431 1898 456 1946 et
465 1890 618 1946 felicissima
626 1898 743 1946 matrum

161 1964 230 2018 dicta
240 1962 410 2031 ioretNiobe‚
431 1967 455 2021 si
466 1984 519 2022 non
528 1966 581 2021 sibi
590 1966 649 2021 visa
658 1964 761 2020 fuisset.

162 2040 229 2093 Nam
239 2046 294 2094 sata
303 2040 417 2107 Tiresia,
438 2042 543 2096 venturi
552 2041 685 2113 praescia,
706 2042 795 2097 Manto

161 2131 208 2186 per
217 2112 318 2169 medias
331 2113 423 2180 luerat,
443 2115 536 2171 divino
545 2116 646 2171 concita
655 2123 739 2180 motu,

161 2189 302 2244 vaticinata
311 2190 382 2244 vias:
404 2191 560 2256 Ismenides,
581 2191 617 2245 ite
625 2190 786 2264 frequentes,

107 2277 147 2320 1511
161 2272 187 2319 et
196 2264 254 2320 date
264 2265 378 2318 Latonae
388 2265 614 2338 Latonigenisque
622 2265 730 2320 duobus

161 2357 223 2394 cum
233 2355 310 2411 prece
320 2347 378 2393 tura
388 2339 442 2410 pia,
464 2339 592 2411 lauroque
600 2339 726 2395 innectite
736 2340 850 2395 crinem.

162 2414 281 2469 Oremeo
291 2413 482 2470 Latonaiubet.
511 2414 633 2470 Paretur:
654 2422 783 2470 etomnes

162 2489 308 2545 Thebaides
318 2489 400 2543 iussis
409 2506 458 2543 sua
467 2497 585 2561 tempora
594 2488 734 2546 frondibus
744 2497 855 2545 ornant:

161 2571 274 2635 turaque
283 2564 347 2619 dant
356 2565 454 2620 sanctis
464 2572 490 2619 et
499 2565 578 2619 verba
588 2565 722 2636 precantia
731 2563 858 2620 flammis.

92 2647 138 2689 115
148 2638 222 2693 Eece
232 2640 308 2697 venit
317 2641 449 2700 comitum
457 2640 545 2699 Niobe
553 2639 822 2703 celeberrimarum
