1874 2940
258 107 307 161 33l
447 112 475 157 Ρ.
496 110 622 159 ovlnu
639 109 805 157 NASONIS

256 213 389 286 verbaque
399 211 523 268 dicuntur
532 211 609 267 dictis
619 210 747 268 centraria
758 210 861 268 verbis.

256 287 315 355 Quo
325 288 410 362 magis
420 287 465 343 illa
474 287 554 352 canit,
573 287 660 360 magis
670 288 720 343 hoc
730 284 824 341 tellure
833 285 920 344 levati

256 363 397 449 erigimur:
418 370 541 434 actaeque
550 361 828 447 caduntpbifidosque
836 361 930 437 relinq

203 524 242 568 000
256 512 365 568 brachia
375 480 448 567 eurlt.
477 511 597 566 Flentem
606 509 698 566 flentes
710 509 903 580 amplectimur
912 514 934 569 il

257 588 451 659 haeremusque
459 586 535 641 ducis
544 584 625 642 eollo:
647 602 695 641 nec
704 585 784 639 verba
794 583 879 640 locuti

256 662 312 718 ulla
321 663 409 734 priora
419 677 524 724 sumus,
544 677 625 731 quam
637 678 685 715 nes
694 659 814 714 testantia
825 668 932 732 gratos.

257 737 355 792 Annua
366 753 415 790 nos
424 733 479 788 illic
489 735 573 787 tenuit
583 751 669 789 mora:
690 733 828 805 multaque
837 750 889 805 pra
895 760 917 785 ec
928 764 937 786 ·.

257 819 375 881 tempore
385 816 439 862 tam
449 806 528 880 longo
538 807 604 873 vidi,
625 807 709 863 multa
719 808 831 864 auribus
843 808 928 867 hausi

205 895 244 938 ala
257 885 313 939 llcc
322 898 495 955 qucquecum
505 881 607 950 multis,
615 883 687 970 quod
696 883 765 938 clam
772 881 841 936 mihi
852 886 936 942 retuli

298 955 522 1023 atucrefamulis,
542 957 576 1014 ad
585 958 647 1014 talia
656 976 730 1014 sacra
741 956 851 1031 peratis.

258 976 328 1091 Alam
336 1032 403 1089 duce
413 1051 530 1106 namque
539 1051 598 1091 meo
608 1034 682 1091 Circe
690 1033 756 1089 dnm
769 1030 825 1087 ecla
835 1049 914 1090 mora

258 1108 304 1165 illa
314 1109 381 1163 mihi
392 1109 469 1167 niveo
478 1109 576 1164 lectum
586 1109 618 1163 de
629 1125 759 1163 marmore
768 1107 879 1193 signum

259 1185 373 1241 ostendit
380 1184 505 1250 iuvenile,
527 1201 622 1258 gerens
632 1184 661 1239 in
671 1182 767 1237 vertice
776 1198 878 1253 prcum,

206 1269 245 1314 005
259 1260 322 1316 aede
331 1277 404 1315 sacra
412 1261 539 1333 positum,
561 1258 706 1331 multisque
716 1258 822 1330 insigne
832 1259 936 1314 cononi

259 1335 327 1403 Quis
336 1335 411 1399 foret,
432 1344 458 1389 et
466 1352 549 1406 quare
557 1351 632 1390 sacra
640 1332 768 1388 coleretur
777 1333 806 1386 in
816 1331 890 1398 aede,

259 1408 572 1475 curhanclerretavem,
592 1408 743 1482 quaerenti,
763 1405 931 1463 etacirevcl

259 1483 365 1554 Accipe,
376 1483 421 1547 ait,
432 1485 565 1539 Macareu:
580 1484 757 1555 dominaeque
765 1480 881 1553 petentia
890 1499 931 1554 qu

261 1557 324 1612 hinc
334 1574 442 1628 queque
454 1557 525 1613 disee
535 1575 622 1613 meae:
643 1566 672 1612 tu
682 1556 759 1612 dictis
769 1555 854 1612 adiice
863 1573 937 1613 men

208 1644 246 1689 tta
297 1632 376 1688 Picus
386 1633 414 1688 in
424 1631 564 1699 Ausoniis,
583 1632 671 1705 proles
681 1630 814 1697 Saturnia,
835 1631 913 1687 terris

261 1707 376 1774 rexfuit,
397 1708 505 1763 utilium
514 1708 584 1766 bello
592 1707 728 1765 studiosus
736 1723 879 1780 equorum.

261 1784 357 1838 Forma
366 1783 433 1850 vinc,
445 1801 527 1856 quam
538 1785 635 1851 cernis,
646 1792 710 1840 erat.
735 1783 809 1839 Licet
817 1783 875 1855 ipse
883 1781 934 1838 da

262 1856 401 1926 adspicias,
422 1859 535 1931 fictaque
542 1860 638 1932 probes
648 1859 681 1913 ah
691 1859 810 1933 imagine
818 1874 920 1914 veram.

261 1929 312 1982 Par
320 1930 427 1984 animus
435 1931 548 1988 formae:
569 1950 618 1988 nec
627 1932 714 1987 adhuc
724 1941 855 2002 spectasse
863 1949 911 2004 per
926 1956 930 1979 ι

209 2014 248 2059 ³25
262 2003 465 2076 quinquennem
474 2012 575 2075 poterat
586 2006 665 2061 Graia
675 2013 769 2076 quater
778 2006 854 2064 Elide
863 2024 933 2083 pugn

262 2078 310 2135 Ille
318 2095 382 2134 snos
393 2078 520 2152 Dryadas,
540 2079 623 2134 Latiis
635 2081 664 2134 in
673 2081 808 2136 montibus
818 2090 899 2148 ortas,

263 2161 375 2213 verterat
383 2154 412 2209 in
422 2152 528 2210 vultus:
549 2153 627 2209 illum
640 2152 747 2212 fontana
758 2158 883 2230 petebant

264 2231 385 2297 numina,
397 2229 520 2295 Naiades,
532 2247 601 2302 quas
609 2228 716 2298 Albula,
727 2249 850 2306 quasque
858 2233 931 2288 Num

263 2325 331 2380 quas
343 2306 454 2363 Anienis
464 2323 563 2379 aquae,
582 2321 718 2378 cursuque
729 2307 906 2361 brevissimus
924 2331 928 2342 ⁴

211 2389 250 2434 030
263 2383 351 2437 Narve
361 2382 422 2438 tulit
429 2397 564 2455 praeceps,
585 2387 610 2434 et
618 2397 714 2452 opacae
723 2379 848 2436 Farfarus
857 2379 937 2437 unda

265 2473 387 2529 quaeque
395 2454 627 2530 coluntScythicee
636 2473 750 2530 regnum
760 2455 937 2513 nemoraleDi

265 2530 445 2604 finitimosque
455 2532 538 2588 lacus.
567 2529 667 2604 Spretis
677 2531 930 2588 tamencmnibusu

250 2604 539 2688 illecolitNymplren,
561 2628 647 2689 quam
656 2605 934 2687 quonuaminmtler?
