1874 2940
176 147 555 194 METAMORPHOSEON
577 149 647 195 LIB.
662 150 682 196 1.
767 146 800 200 23

56 248 125 301 Haeo
133 246 181 301 ubi
191 247 332 318 disposuit,
353 247 437 318 patria
447 247 507 302 Iove
517 248 708 304 natusaharee

55 320 144 376 desilit
153 322 182 375 in
192 328 284 376 term.
315 320 372 374 lilio
385 321 555 394 tegimenque
563 323 685 388 removit,

56 404 81 450 et
90 396 179 467 posuit
187 412 304 466 pennas:
328 395 512 450 tantummodo
524 396 600 468 virga
609 403 706 451 retenta
717 405 765 452 est.
816 411 855 453 675

56 471 110 523 Hae
119 470 183 543 agit,
204 477 343 540 utpastor,
364 486 412 540 per
421 469 497 524 devia
507 487 570 524 rura
580 469 704 540 capellas,

56 543 213 609 dumvenit,
233 544 374 608 adductas,
395 550 421 598 et
429 544 536 599 structis
546 550 634 598 cantat
646 545 748 600 avenis.

57 618 126 673 Voee
136 635 203 672 nova
214 625 308 689 eaptus
316 624 406 672 custos
415 618 555 683 Iunonius,
576 617 610 672 At
623 625 661 682 tu,

57 692 182 763 quisquis
192 709 230 757 es,
251 693 302 748 hoo
310 693 408 764 poteris
418 709 523 747 meeum
534 691 754 758 eousideresaxo,

57 765 204 838 Argusait:
225 767 392 838 nequeenim
402 767 490 838 pecori
500 765 638 821 fecundior
648 764 704 822 ullo
816 779 855 822 att

58 840 139 894 herba
152 840 208 895 loco
218 847 271 896 est:
283 848 426 914 aptamque
436 841 511 896 vides
516 842 667 912 pastoribus
673 841 807 897 umbram.

57 913 129 968 Sedit
138 912 309 980 Atlantiades,
329 923 355 970 et
363 923 470 971 euntem
480 914 564 970 multa
575 914 707 987 ioquendo

57 988 170 1043 detinuit
179 1006 301 1044 sermone
310 989 395 1044 diem:
416 990 696 1061 iunctisqueoaneudo

57 1062 163 1116 vincere
174 1063 353 1118 arundinibus
362 1065 494 1119 servantia
505 1063 608 1117 lumina
617 1071 707 1118 tentat.

58 1135 104 1190 lile
114 1143 200 1190 tamen
211 1146 314 1210 pugnat
324 1138 417 1192 molles
427 1139 547 1191 evincere
555 1154 678 1192 somnos:
817 1150 856 1192 685

57 1217 91 1274 et,
111 1212 236 1281 quamvis
247 1227 325 1278 sopor
336 1218 375 1262 est
386 1210 524 1265 oculorum
534 1217 611 1277 parte
619 1217 753 1278 redeptus3

58 1292 131 1352 parte
139 1292 228 1336 tamen
237 1281 340 1352 vigilat.
371 1281 604 1351 Quaeritqueque,
625 1281 802 1351 (namquere-

59 1426 147 1480 fistula
159 1443 244 1496 nuper
255 1426 334 1500 erat3)
354 1443 407 1498 qua
417 1426 453 1481 sit
462 1427 562 1483 ratione
571 1362 681 1499 newa.

95 1502 164 1556 Tum
174 1500 250 1567 deus,
262 1501 388 1556 Arcadiae
397 1501 493 1575 gelidis
502 1503 531 1557 in
539 1503 686 1570 montibus,
699 1503 797 1577 inquit,

59 1577 126 1631 inter
136 1576 334 1652 Hamadryadas
343 1576 512 1633 celeberrima
521 1578 685 1633 Nonacrinas
817 1590 856 1634 tat

58 1652 138 1705 Naias
148 1669 202 1706 una
212 1650 275 1707 fuit:
297 1652 438 1726 Nymphae
447 1651 561 1725 Syringa
573 1653 709 1708 vocabant.

57 1727 115 1780 Non
127 1726 208 1780 semel
217 1734 243 1781 et
252 1727 361 1800 Satynos
368 1727 481 1782 eluserat
491 1724 537 1779 illa
545 1733 696 1796 sequentes,

58 1807 83 1853 et
93 1817 268 1872 quoscunque
277 1800 339 1856 dens
348 1801 529 1871 umbrosaque
536 1799 606 1854 sitve
618 1799 744 1872 feraxque

58 1875 203 1929 rushabet.
233 1873 473 1948 Ortygiamstudiis
483 1874 597 1947 ipsaque
606 1873 708 1929 solebat

57 1948 209 2020 virginitate
217 1949 305 2002 deam.
335 1949 397 2003 Ritu
409 1949 611 2020 quoqueeincta
619 1948 719 2004 Dianae
817 1959 855 2002 tas

57 2021 165 2088 falleret,
187 2031 212 2077 et
221 2023 292 2077 credi
301 2031 391 2094 posset
400 2023 518 2087 Latonia,
543 2022 632 2078 sinon

56 2113 170 2151 corneus
181 2097 245 2151 huie
253 2114 340 2164 arcus,
360 2097 384 2153 si
394 2115 448 2152 non
459 2096 524 2152 foret
532 2113 630 2151 aureus
639 2095 690 2150 illi.

58 2170 100 2224 Sia
109 2187 217 2241 quoque
227 2169 342 2226 fallebat.
372 2172 535 2226 Redeuntem
545 2169 708 2244 colleLyceo

58 2244 113 2298 Pan
122 2244 194 2299 videt
202 2245 281 2309 hano,
301 2247 422 2318 pinuque
430 2252 510 2316 caput
520 2245 685 2316 praecinctus
694 2249 780 2308 acuta,

58 2317 120 2370 talia
132 2319 211 2374 verba
221 2318 313 2373 refert:
323 2351 362 2362 -
378 2321 492 2374 restabat
501 2320 581 2375 verbe
593 2318 702 2385 referre,
816 2327 856 2370 7⁰0

57 2399 83 2444 et
91 2392 215 2462 precibus
225 2395 321 2464 spretis
331 2393 431 2467 fugisse
441 2411 487 2466 per
497 2394 557 2447 avia
566 2392 730 2465 Nympham,

58 2465 140 2519 donec
150 2468 252 2521 arenosi
262 2467 396 2537 placidum
408 2467 523 2525 Ladonis
533 2466 567 2520 ad
575 2481 682 2520 amnem

58 2540 172 2594 venerit:
194 2541 239 2593 hia
248 2541 333 2608 illam,
353 2560 463 2596 cursum
473 2539 680 2611 impedientibus
689 2538 780 2603 undis,

57 2621 125 2667 utse
134 2620 278 2682 mutarent,
295 2615 417 2692 liquidas
427 2629 659 2677 umseesnxsxw,
