1874 2940
122 119 171 175 ³2⁰
311 122 339 167 P.
359 120 487 169 ovum
505 120 671 168 uasoula

68 236 106 280 ⁸25
121 223 160 279 nil
170 221 238 277 mihi
247 221 402 278 credideris:
423 238 548 295 praescus
557 228 631 292 potes
643 221 700 292 ipsa
710 222 815 293 videre,

121 305 152 353 08
161 297 209 353 vix
217 297 365 353 sustineant
374 297 519 353 distentum
528 295 652 350 cruribus
662 295 739 351 uber.

122 372 199 438 Sunt,
221 370 321 428 foetura
330 373 426 436 minor,
449 370 544 442 tepidis
553 369 581 424 in
591 368 708 426 ovilibus
719 374 800 445 agni:

122 455 316 520 suntquoque,
336 453 473 518 paraetaa,
494 444 554 499 aliia
563 445 591 499 in
600 444 718 499 ovilibus
727 446 820 505 hoedi.

121 523 175 577 Lac
184 523 251 577 mihi
262 539 368 593 semper
376 521 449 576 adest
459 520 577 576 niveum.
605 519 669 573 l‘ara
679 519 741 574 inde
751 522 838 582 biben

69 607 108 651 888
123 605 258 652 servatur:
279 603 380 668 partem
391 593 530 666 liquefacta
539 591 648 667 coagula
659 592 767 649 durant.

121 672 176 727 Nec
185 672 234 726 tibi
244 670 353 725 deliciae
362 668 451 724 faciles
460 667 621 740 vulgataque
630 674 734 723 tantum

122 761 234 801 munera
243 743 406 815 contingent,
417 742 519 806 damae,
532 740 695 814 leporesque,
707 759 838 820 capraeqr

121 815 428 892 parquaaolnmbarum,
449 814 587 871 demtusve
596 817 734 871 cacumine
744 820 829 878 nidus

122 891 214 949 inveni
223 890 359 965 geminae,
380 891 427 964 qui
437 897 525 946 tecum
535 889 625 946 ludere
636 901 759 963 possunt,

69 978 108 1022 885
123 968 192 1021 inter
201 983 230 1021 aa
239 965 355 1032 similer,
376 967 424 1023 vix
435 973 465 1022 ut
474 965 627 1040 dignoscere
636 966 734 1038 possis,

123 1040 233 1097 villosae
242 1040 342 1099 catulos
352 1041 381 1098 in
391 1041 506 1097 summis
515 1041 650 1097 mentibus
660 1058 752 1096 ureae:

123 1117 231 1174 inveni:
251 1126 278 1173 88
286 1117 354 1183 dixi,
375 1118 502 1173 Dominae
511 1116 678 1171 servabimus
688 1117 763 1172 istos.

122 1193 179 1248 lam
188 1193 266 1249 mado
275 1191 394 1250 caeruleo
404 1191 519 1248 nitidum
528 1198 608 1263 caput
619 1208 710 1246 exsere
720 1200 817 1261 ponto:

124 1269 188 1334 iam,
208 1268 324 1334 Galatea,
344 1268 420 1335 veni3
441 1283 490 1322 nec
498 1282 608 1321 munera
618 1265 724 1337 despice
734 1276 837 1324 nostra.

70 1351 109 1398 880
123 1343 197 1398 Certe
207 1361 255 1417 ego
264 1360 308 1398 me
316 1342 389 1408 novi,
410 1340 579 1413 liquidaeque
587 1340 616 1396 in
628 1341 745 1413 imagine
757 1342 812 1398 vidi

124 1435 317 1490 anperaquae;
336 1415 489 1489 placuitque
498 1415 565 1470 mihi
575 1432 633 1469 mea
642 1412 726 1470 forma
735 1415 838 1474 videnti

124 1491 252 1562 Adspice,
271 1491 461 1562 simquantua.
490 1489 657 1546 Nonesthoc
665 1493 838 1562 ccrpcremai

124 1567 224 1639 Iupiter
234 1567 261 1620 in
271 1563 356 1620 coelo:
377 1580 440 1618 nam
451 1581 499 1620 vos
508 1581 614 1619 narrare
624 1563 713 1620 soletis

124 1642 213 1699 nescio
222 1658 303 1713 quem
313 1656 423 1713 regnare
431 1640 530 1695 lovem.
559 1638 641 1696 Coma
649 1638 766 1711 plurima
779 1648 838 1696 tcrv

71 1724 110 1772 815
123 1717 256 1790 prominet
265 1717 293 1773 in
303 1714 405 1783 vultus,
421 1714 753 1846 humerosqueilutlucus,
770 1715 838 1772 ebur

621 1797 671 1845 rat.

124 1867 179 1920 Nec
188 1883 246 1921 mea
256 1866 329 1937 quad
340 1865 415 1921 duria
424 1866 531 1922 18088888
541 1863 701 1920 densissima
708 1863 773 1918 setis

124 1956 242 2010 corpora,
263 1947 340 2010 turpe
348 1949 423 2011 puta.
453 1939 549 2010 Turpis
559 1940 618 1994 sine
626 1938 766 1993 frondibus
775 1939 838 1996 arbe

125 2015 212 2085 turpis
221 2031 318 2084 equus,
339 2014 392 2068 nisi
401 2014 467 2071 colla
480 2015 558 2069 iubae
566 2011 689 2069 flaventia
701 2012 798 2068 velent.

124 2089 220 2144 Pluma
229 2089 293 2162 legit
301 2086 436 2144 volucres:
457 2088 554 2145 ovibus
566 2105 615 2142 sua
625 2085 685 2142 lana
697 2087 784 2143 decori
794 2096 835 2144 888

72 2175 111 2220 888
126 2164 298 2229 barbarinos,
319 2163 456 2237 hirtaeque
464 2164 557 2219 decent
567 2163 596 2218 in
606 2179 714 2234 corpore
723 2171 803 2217 setae.

124 2241 216 2296 Unum
230 2240 305 2294 estin
316 2239 403 2294 media
413 2239 504 2294 lumen
513 2237 581 2292 mihi
590 2237 689 2303 fronte,
710 2236 757 2291 scd
766 2238 836 2293 insta

125 2317 153 2369 in
174 2316 242 2370 entis
251 2314 348 2389 clypei.
376 2311 468 2380 Quid?
486 2330 540 2368 non
549 2313 613 2368 haec
622 2313 711 2368 omnia
721 2329 819 2385 magno

126 2334 174 2445 Sol
182 2389 277 2445 videte
288 2385 378 2444 808101
405 2385 459 2441 Soli
472 2387 666 2443 tamenunicus
678 2387 760 2444 orbis.

126 2461 210 2528 Adde,
227 2463 300 2535 quod
309 2463 338 2518 in
347 2467 435 2516 vestro
444 2462 547 2532 genitor
555 2479 632 2517 mens
643 2478 757 2534 aequore
765 2477 838 2534 regna

73 2548 112 2592 855
125 2538 203 2592 Hunc
214 2537 261 2590 tibi
270 2537 304 2591 do
313 2551 444 2591 socerum.
456 2535 569 2589 Tantum
580 2536 713 2600 miserere,
724 2553 838 2608 precasqi

110 2609 375 2687 supplicieexaudi:
397 2607 823 2683 libienimsuccnmhimueuniz
