1874 2940
233 140 609 188 METAMORPHOSEON
627 142 697 186 LIB.
718 141 772 188 VH.
825 133 875 188 ⁴57

52 302 57 309 ,
132 245 189 307 His.
200 250 232 297 ut
240 259 363 315 quaeque
371 241 415 313 pia
425 241 628 306 ost‚hortatibus
637 241 720 312 impia
729 242 815 312 prima
825 247 873 296 est:

4 319 23 340 '⁴
132 326 158 373 et
169 335 202 372 ne
211 318 246 372 sit
256 314 394 383 scelerata,
414 314 476 372 lacit
485 316 581 372 scelus.
610 315 687 371 Haud
696 324 784 371 tamen
794 315 863 370 ictus
891 322 930 371 elo

133 392 190 447 ulla
199 410 263 447 suos
273 398 390 463 spectare
401 398 500 463 potest:
521 388 665 464 oculosque
674 388 823 458 reflectunt3

134 483 264 539 caecaque
273 465 338 522 dant
345 465 431 522 saevis
440 484 547 522 aversae
556 465 666 522 vulnera
677 465 786 520 dextris.

135 541 197 606 llio,
218 557 310 597 cruore
317 540 417 608 fluens,
436 542 527 598 cubito
536 548 624 597 nmen
634 539 729 596 allevat
738 547 825 595 artus:

136 615 324 690 semilacerque
334 622 389 673 toro
398 623 480 672 tentat
487 633 660 692 consurgere:
682 623 707 671 et
716 615 784 671 inter

136 698 174 746 tot
186 690 290 748 medius
299 690 401 766 gladios
409 690 535 765 pallentia
542 691 650 748 brachia
660 690 785 758 tendens;

136 765 208 833 Quid
217 766 312 833 facitis,
331 766 444 842 gnatae?
461 768 524 840 quis
533 785 582 822 vos
590 767 620 823 in
628 766 680 822 fata
691 765 809 838 parentis

137 848 234 908 armat,
255 840 310 897 ait?
337 841 459 898 Cecidere
468 842 522 897 illis
532 843 669 915 animique
678 857 839 913 manusque.

136 915 216 972 Plura
226 916 346 973 locuturo
355 934 418 972 cum
427 917 517 972 verbis
529 925 637 990 guttura
651 915 756 973 Colchis

137 991 261 1056 abstulit,
281 998 307 1045 et
316 990 409 1044 calidis
419 990 549 1045 laniatum
561 992 654 1046 mersit
663 991 745 1046 aenis.

175 1063 248 1130 Quae
257 1063 310 1118 nisi
319 1064 441 1134 pennatis
451 1066 618 1136 serpentibus
630 1065 695 1119 isset
703 1066 732 1119 in
744 1082 837 1132 auras;

139 1135 497 1208 noueremtaloretpocnae.
527 1138 608 1212 Fugit
617 1138 667 1193 alta
678 1154 812 1209 superque

138 1212 229 1269 Pelion
237 1211 397 1266 umbrosum
405 1211 582 1286 Philyroaque
591 1219 671 1276 tecta,
691 1227 825 1282 superque

139 1289 254 1361 Othryn,
275 1293 300 1340 et
312 1285 513 1341 eventuveteris
523 1283 579 1340 loca
589 1292 650 1340 nota
660 1283 792 1339 Cerambi.

138 1365 188 1418 Hic
198 1379 247 1434 ope
256 1359 443 1434 Nympharum
452 1359 574 1416 sublatus
586 1360 616 1416 iu
627 1361 687 1416 adra
698 1359 804 1432 pennis,

139 1454 227 1510 quum
236 1435 327 1510 gravis
337 1433 426 1491 inluso
435 1433 513 1492 tellus
523 1433 589 1491 foret
597 1435 692 1492 obruta
701 1440 792 1508 ponto,

139 1511 326 1568 Deucalioneas
335 1509 428 1586 effugit
437 1511 578 1568 inobrutus
588 1509 685 1567 undas.

140 1587 258 1644 Aeoliam
267 1587 377 1642 Pitanen
387 1603 402 1641 a
412 1585 568 1659 laevaparte
576 1586 694 1660 reliquit,

140 1664 260 1736 iactaque
268 1662 301 1718 de
310 1679 375 1718 saxo
384 1661 457 1737 longi
467 1662 609 1718 simulacra
618 1661 750 1726 draconis,

141 1738 303 1810 Idaeumque
315 1755 426 1793 nemus:
447 1755 511 1810 quo,
531 1739 586 1793 nati
597 1736 676 1802 furta,
698 1737 843 1791 iuvencum

140 1811 257 1868 occuluit
263 1813 343 1868 hiber
352 1811 412 1867 falsi
422 1813 474 1868 sub
484 1813 602 1887 imagine
610 1812 696 1868 cervi:

141 1904 249 1960 quaque
257 1895 331 1960 pater
339 1887 449 1963 Corythi
457 1905 539 1960 parva
549 1886 698 1943 tumulatus
708 1902 799 1942 mena:

141 1971 168 2017 et
176 1979 244 2035 quos
253 1963 340 2018 Maera
349 1980 419 2019 noro
429 1961 523 2019 latratu
532 1964 627 2018 terruit
635 1979 727 2037 agros:

141 2036 327 2113 Eurypylique
335 2038 439 2104 urbem,
460 2056 513 2111 qua
524 2037 592 2094 Coae
600 2055 700 2095 cornua
712 2043 809 2092 matres

142 2120 295 2186 gesserunt,
315 2121 373 2168 tum
383 2129 471 2186 quum
479 2112 623 2168 diseederet
633 2112 754 2169 Herculis
765 2127 874 2186 agmen:

142 2187 344 2259 Phoebeamque
352 2187 478 2254 Rhodon,
499 2196 525 2243 ot
533 2187 645 2263 l'ailysios
655 2187 804 2251 Telchinas,
900 2193 924 2236 et

143 2280 258 2335 quorum
266 2262 357 2318 oculos
370 2263 430 2334 ipso
438 2270 573 2319 mutantes
582 2264 673 2319 omnia
682 2263 745 2317 visu

143 2338 243 2409 lupiter
252 2354 359 2400 exosus,
379 2335 501 2393 fraternis
511 2337 632 2394 subdidit
642 2336 733 2392 undis.

144 2411 250 2466 Transit
259 2417 284 2464 et
292 2409 417 2480 antiquae
429 2411 551 2467 Cartheia
561 2413 664 2467 moenia
675 2411 750 2472 Ceae,

145 2503 199 2557 qua
208 2492 282 2556 pater
291 2481 441 2538 Alcidamas
451 2484 583 2558 placidam
592 2487 625 2539 de
635 2500 743 2555 corpore
755 2489 830 2536 natas

146 2560 292 2614 miraturus
302 2563 357 2612 erat
365 2558 438 2610 nasci
447 2559 569 2632 potuisse
576 2558 752 2615 columnam„

143 2632 209 2687 lade
219 2630 291 2688 lacus
301 2630 399 2708 llyrics
409 2634 499 2705 videt,
519 2632 825 2711 stephanumque
