1874 2940
163 127 212 185 28l
354 133 383 179 1³.
404 134 530 182 ovmu
548 133 716 181 Nesoma

162 233 277 308 elingere
286 251 392 291 necem:
412 254 481 309 quos
491 253 583 292 omnes
594 233 685 290 dextra
694 234 829 311 Dryantis

163 309 276 382 perculit
285 311 418 367 adversos.
448 311 597 367 Adversum
608 317 636 364 tu
647 327 768 383 quoqne,
787 319 907 388 quamvis

163 384 450 460 tergelugaedederas,
471 384 581 451 vulnus,
603 384 727 451 Crenaee,
749 388 852 449 tulisti.

163 463 232 517 Nam
241 478 331 535 grave,
351 459 508 532 respiciens,
530 459 661 515 interduo
672 459 779 518 lumina
789 465 898 535 ferrum,

110 547 149 592 335
164 536 300 610 quanaris
309 533 387 589 fronti
398 535 585 601 committitur,
606 535 713 606 accipis,
736 538 822 598 imae,

164 614 195 667 In
205 618 277 666 tanto
287 608 393 664 fremitu
402 610 488 663 ductis
498 609 556 662 sine
569 610 622 663 fine
632 610 735 665 iacebat

165 687 268 756 sopitus
277 683 363 747 vinis,
384 691 409 736 et
417 683 613 753 inexperrectus
624 683 760 754 Aphidas:

166 757 356 830 languentique
363 773 446 810 manu
456 756 589 812 carchesia
599 759 677 812 mista
688 763 807 832 tenebat,

165 832 243 888 lusus
253 832 281 885 in
293 829 406 885 Ossaeae
415 830 518 887 villosis
528 831 645 904 pellibus
656 850 744 891 ursae.

111 919 149 963 323
164 907 250 974 Quem
259 904 350 977 procul
360 913 391 961 ut
399 906 467 963 vidit
476 906 573 964 frustra
583 907 658 965 nulle
664 927 738 965 arma
748 926 907 981 moventem.

165 981 258 1038 inserit
267 990 371 1038 amento
379 981 486 1059 digitos,
507 985 706 1058 Miscendaque,
726 985 807 1057 dixit,

165 1076 228 1115 oum
238 1057 319 1136 Styge
328 1059 391 1116 vina
400 1060 486 1128 bibes,
507 1061 635 1118 Phorbas.
656 1061 797 1133 Neoplure
810 1065 908 1125 locutos
936 1099 937 1128 t

164 1137 194 1191 in
204 1135 328 1192 iuvenem
338 1137 414 1193 torsit
423 1136 555 1193 iaculum:
576 1136 724 1211 ferrataque
733 1137 800 1195 collo

167 1211 298 1283 fraxinus,
319 1221 349 1268 ut
357 1230 422 1269 cusu
431 1214 512 1270 iacuit
521 1216 674 1287 resupinus,
695 1212 785 1268 edocte
794 1226 847 1274 est.

113 1299 151 1345 325
165 1290 237 1346 Mors
246 1288 331 1344 caruit
340 1307 436 1346 sensu:
456 1289 613 1364 plenoquee
624 1297 732 1366 gutture
740 1285 820 1344 iluxit

166 1367 249 1437 inque
258 1372 342 1429 toros,
363 1364 446 1436 inque
456 1367 513 1437 ipsa
524 1367 599 1440 niger
608 1364 741 1421 carchesia
750 1370 877 1438 sanguis.

165 1438 227 1494 Vidi
237 1455 286 1511 ego
296 1439 443 1506 Petraeum,
464 1449 602 1497 conantem
612 1440 723 1496 evellere
731 1446 800 1494 terra

166 1511 342 1585 glandiferam
360 1530 504 1584 quercum:
537 1532 620 1586 quem
642 1516 708 1571 dum
727 1514 912 1586 complexibus

645 1590 738 1654 ambit,

167 1668 192 1715 et
200 1660 286 1734 quatit
296 1660 350 1717 huc
359 1659 433 1727 illuc,
455 1659 633 1733 labefactaque
643 1664 737 1720 robora
746 1661 847 1734 pulsat,

113 1745 152 1788 333
167 1733 255 1791 lancea
267 1736 387 1803 Pirithoi,
407 1737 487 1792 costis
496 1737 617 1791 immissa
627 1737 737 1802 Petraei,

166 1816 271 1877 pectora
281 1827 345 1866 cum
355 1811 422 1866 dum
432 1810 557 1867 luctantia
567 1811 659 1866 robore
668 1812 736 1863 fixit.

165 1881 276 1937 Pirithoi
288 1885 386 1937 virtute
395 1884 498 1954 Lycum
507 1884 632 1937 recidisse
642 1880 760 1931 ferebant
767 1894 779 1954 ιΙ

165 1953 276 2006 Pirithoi
287 1955 385 2008 virtute
395 1954 532 2009 Chromin.
562 1950 876 2015 Seduterquemlssorem

166 2025 259 2081 victori
270 2025 387 2091 titulum,
403 2041 485 2096 quam
496 2025 585 2094 Dictys
595 2016 754 2090 Helopsque,
769 2016 912 2086 dederunt,

114 2113 152 2158 335
166 2100 251 2157 Fixus
260 2098 356 2171 Helops
366 2097 453 2154 iaculo
462 2105 510 2162 est,
527 2093 600 2167 quod
610 2093 702 2164 pervia
712 2102 830 2169 tempora
839 2097 911 2175 iecit,

167 2185 193 2234 et
201 2175 440 2233 missumadextra
450 2172 551 2227 laevam
560 2171 707 2243 penetravit
717 2173 743 2229 in
758 2190 861 2232 aurem.

167 2255 267 2330 Dictys,
287 2251 321 2308 ab
330 2250 438 2325 ancipiti
447 2246 572 2318 delapsus
582 2247 705 2306 acumine
714 2251 822 2319 montis,

168 2331 234 2388 dum
244 2328 313 2404 fugit
321 2328 463 2384 instantem
473 2324 608 2397 trepidans
618 2326 709 2383 Ixione
719 2336 822 2392 netum,

169 2407 266 2464 decidit
274 2407 303 2462 in
312 2415 446 2479 praeceps,
466 2408 491 2460 el
500 2403 615 2474 pondere
624 2406 740 2476 corporis
750 2421 847 2459 ornum

115 2489 154 2537 tto
168 2483 304 2558 ingentem
313 2481 404 2555 fregit3
425 2496 527 2552 suaque
536 2479 624 2537 induit
633 2479 679 2536 ilia
688 2479 792 2535 lrectae.

168 2556 243 2614 Ultor
253 2558 326 2615 adest
332 2557 480 2629 Aphareus,
491 2574 642 2629 saxumque
651 2575 665 2612 o
675 2563 764 2611 monte
773 2556 910 2614 revulsum

155 2633 268 2694 mittere
277 2641 400 2696 conatur.
431 2633 579 2695 Conantem
587 2634 677 2706 stipite
684 2648 788 2702 querno
