1874 2940
149 143 197 195 138
336 147 366 192 P.
388 144 517 193 ovmn
534 145 701 193 NASONIS

92 256 132 304 lto
147 248 329 304 inveneram:
349 253 375 300 et
383 244 476 320 flagrat
485 246 551 301 vitio
560 246 701 318 gentisque
710 262 823 318 auoque.

146 324 264 394 Impetus
274 328 313 376 est
325 320 379 386 illi,
400 322 528 376 comitum
539 338 707 391 corrumpere
716 338 819 386 curam,

147 398 312 469 nutricisque
322 395 416 450 fidem:
438 413 487 451 nec
496 413 550 451 non
558 395 714 468 ingentibus
724 396 812 466 ipsam

147 470 375 535 sollicitarsdatis,
397 478 536 543 totumque
545 470 699 540 impendere
708 488 838 543 regnum:

148 555 194 601 aut
203 563 303 618 rapere,
324 553 350 600 et
359 562 438 600 saevo
447 553 548 616 raptam
559 544 698 599 defendere
712 544 792 600 bello.

93 628 133 676 415
147 621 181 675 Et
191 620 259 676 nihil
269 627 318 685 est,
339 619 411 690 quod
422 637 475 675 nnn
486 619 584 674 effreno
592 627 685 690 captus
695 636 785 674 amora

147 696 232 750 ausit:
254 711 303 750 uec
313 693 423 764 capiunt
432 692 549 749 inclusas
558 701 663 767 pectora
674 692 806 748 flammas.

148 770 257 840 lamque
266 785 354 823 moras
364 767 434 822 male
444 767 508 836 lert;
529 768 681 840 cupidoque
690 770 831 824 revertitur
840 786 886 825 ore

147 843 271 898 mandata
282 842 316 897 ad
324 841 451 911 Procnes;
473 851 498 897 et
508 843 563 917 agit
572 859 622 897 sua
632 852 691 897 vota
702 843 755 897 sub
765 842 830 898 illis.

147 916 304 972 Facundum
315 915 426 971 faciebat
436 934 523 973 amor:
544 917 702 989 quotiesque
713 918 823 991 rogabat

93 999 133 1046 tro
148 991 260 1047 ulterius
270 991 354 1056 iusto,
375 991 494 1047 Procnen
503 993 540 1046 ita
550 991 618 1046 velle
628 990 736 1046 ferebat.

148 1065 258 1122 Addidit
267 1073 292 1121 et
302 1065 439 1134 lacrimas;
460 1074 590 1139 tanquam
600 1066 752 1121 mandasset
761 1073 787 1120 et
796 1065 867 1122 illas.

147 1142 198 1198 Pro
208 1140 312 1212 Superi,
332 1149 464 1215 quantum
476 1140 597 1197 mortalia
606 1148 710 1211 pectora
720 1158 811 1196 caecae

148 1217 232 1272 noctis
245 1217 356 1272 habenti
387 1218 448 1288 Ipso
458 1215 565 1271 sceleris
575 1214 714 1270 molimine
723 1217 823 1271 Tereus

147 1293 263 1348 creditur
271 1311 330 1348 esse
341 1293 418 1364 pius,
439 1291 602 1364 laudemque
611 1308 626 1345 a
635 1289 748 1345 crimine
759 1291 854 1346 sumit.

93 1372 133 1420 475
148 1365 238 1432 Quid?
256 1368 330 1440 quod
343 1367 415 1422 idem
425 1366 571 1423 Philomela
581 1365 670 1437 cupit,
690 1366 845 1439 patriosque
860 1365 900 1422 la-

630 1439 708 1494 certis

148 1513 246 1568 blanda
256 1520 349 1569 tenens
358 1514 496 1581 humeros,
517 1522 548 1570 ut
557 1522 599 1570 eat
610 1515 701 1570 visura
711 1531 839 1580 sororem,

147 1604 249 1658 perque
258 1605 335 1642 uram
344 1595 489 1660 contraque
498 1607 576 1643 suam
586 1591 652 1660 petit
660 1607 747 1661 usque
755 1588 881 1646 salutem.

148 1661 253 1733 Spectat
264 1679 322 1716 eam
333 1663 440 1727 Tereus,
461 1671 719 1735 praecontrectatque
729 1663 858 1721 videndo:

148 1735 293 1809 osculaque
302 1745 327 1792 ct
336 1736 403 1793 collo
415 1737 578 1792 circumdata
589 1738 697 1793 brachia
707 1756 829 1802 cernens,

94 1816 133 1864 tto
148 1811 433 1883 omniaprostimulis‚
457 1811 624 1885 facibusque,
645 1814 758 1885 ciboque
768 1812 868 1870 furoris

148 1885 256 1955 accipit;
278 1894 303 1942 st
314 1887 651 1959 quotiesamplectiturilla
661 1896 807 1960 parentem,

148 1977 206 2014 esse
215 1976 311 2030 pareus
321 1960 413 2016 vellet:
425 1963 594 2034 nequeenim
606 1964 698 2018 minus
707 1963 809 2036 impius
818 1972 897 2018 esset.

148 2035 270 2091 Vincitur
280 2037 419 2091 ambarum
429 2037 533 2110 genitor
543 2055 635 2108 prece:
655 2038 767 2111 gaudet,
789 2039 899 2112 agitque

148 2109 194 2163 illa
204 2110 272 2180 patri
281 2118 382 2183 grates:
403 2119 429 2167 et
437 2113 598 2167 successisse
608 2112 714 2168 duabus

94 2189 133 2236 485
148 2184 177 2239 id
186 2191 262 2256 putat
271 2185 378 2252 infelix,
399 2187 472 2258 quod
482 2196 538 2242 erat
548 2188 664 2261 lugubre
673 2187 791 2243 duabus.

149 2261 205 2313 lam
217 2258 292 2315 labor
301 2261 417 2334 exiguus
428 2262 532 2317 Phoebo
542 2263 671 2317 restabat:
692 2262 811 2334 equique

148 2333 293 2405 pulsabant
301 2335 415 2407 pedibus
425 2337 541 2407 spatium
551 2337 662 2393 declivis
672 2335 793 2410 Olympi.

149 2408 260 2481 Regale's
270 2409 364 2482 epulae
373 2413 483 2476 mensis,
505 2421 530 2466 et
539 2412 659 2466 Bacchus
669 2411 697 2466 in
708 2429 774 2467 auro

148 2484 271 2553 ponitur:
292 2486 356 2541 hinc
365 2486 468 2558 placido
478 2487 576 2542 dantur
586 2505 634 2541 sua
644 2503 754 2557 corpora
763 2501 868 2540 somno.

89 2562 133 2609 tto
143 2556 236 2613 Atreu
248 2558 389 2637 Odrysius,
412 2563 538 2633 quamvls
548 2560 656 2616 secessit
666 2562 699 2617 ab
709 2560 765 2624 illa,

131 2638 256 2690 aestuat:
279 2645 307 2695 et
316 2646 441 2714 repetens
452 2635 903 2707 lactem,motusquamanusqueq

278 2880 386 2900 Α.
