1874 2940
124 152 156 202 38
302 158 331 200 P.
354 155 482 202 ovmn
499 155 666 202 NASONIS

69 267 107 310 305
122 256 154 310 de
163 254 245 308 ramis
255 253 347 308 electra
359 254 449 310 novis:
470 271 539 326 quae
550 252 654 309 lucidus
665 254 753 309 amnis

122 329 229 400 excipit,
250 336 276 383 ct
285 328 399 383 nuribus
411 328 491 383 mittit
500 328 626 457 gestanda
636 328 747 383 Latinis.

160 401 252 457 Adluit
262 402 325 457 huic
335 411 453 458 monstm
462 421 510 474 prc
520 420 549 457 es
561 402 709 457 Stheneleia
724 403 848 476 Cycnum

123 476 170 547 qui
182 477 229 531 tibi
240 485 357 532 materno
366 478 491 548 quamvis
502 495 516 532 a
526 477 658 550 sanguine
672 476 790 540 iunctus,

123 558 210 605 mente
220 559 317 617 tamen,
339 551 482 617 Phaethon,
503 551 610 623 propior
620 550 680 605 luit.
721 549 871 608 lllerelictc

70 634 108 677 300
123 623 194 695 (nam
206 625 336 698 Ligurum
347 624 459 696 populos
469 634 495 680 et
507 643 619 699 magnas
628 631 729 680 rexerat
737 624 840 700 urbes)

124 698 235 769 imperio
246 700 318 771 ripas
327 699 435 765 virides,
457 716 617 771 amnemque
627 698 743 771 querelis

123 771 272 827 Eridanum
283 771 418 844 implerat,
439 773 590 845 silvamque
598 775 734 829 scmribus
745 780 866 829 auctam:

124 863 211 918 quum
220 864 273 902 vox
285 854 325 901 est
334 853 438 901 tenuata
449 848 520 902 vim:
541 864 675 920 canaeque
683 846 792 920 capillos

124 920 296 975 dissimulant
304 919 425 993 plumae:
446 920 857 994 collumqueapectcrelongum

71 1005 110 1048 305
124 995 278 1068 porrigitur,
298 994 449 1123 digitosque
459 994 655 1068 ligatiunctura
667 997 805 1051 rubentes:

124 1086 212 1142 penna
223 1068 292 1124 latus
303 1087 335 1124 ve
345 1076 384 1124 at:
405 1076 474 1124 tenet
483 1087 513 1124 cs
522 1069 581 1124 sine
590 1071 713 1125 acumine
723 1077 853 1125 rostrum:

126 1145 155 1200 lit
165 1163 232 1201 nova
243 1144 350 1221 Cycnus
360 1144 431 1214 avis3
454 1161 503 1200 nec
512 1161 541 1199 se
550 1144 675 1218 coeloque
685 1145 795 1217 levique

125 1220 216 1286 credit,
237 1230 268 1276 ut
278 1221 375 1277 iniuste
385 1221 462 1276 missi
472 1237 574 1275 memor
582 1219 654 1294 ignis
667 1218 765 1274 abillo.

126 1294 223 1369 Stagna
233 1297 306 1367 petit,
319 1296 478 1369 patulosque
488 1295 575 1352 lacus:
592 1295 736 1369 ignemque
746 1308 867 1365 pemsus‚

73 1378 111 1421 300
125 1371 280 1441 quaacclat‚
301 1368 773 1442 clegitcontrariallnminaflammis.

163 1442 307 1512 Squalidus
318 1444 416 1496 interea
424 1444 528 1514 genitor
538 1442 719 1504 Phaethontis,
740 1449 766 1494 et
775 1456 870 1510 expers

126 1513 357 1583 ipsasuideccris‚
380 1513 478 1584 qualis,
498 1530 585 1585 quum
597 1513 763 1574 deficitorbc,

126 1601 184 1638 esse
193 1584 272 1639 solat:
294 1583 433 1655 lucemque
443 1586 507 1650 odit,
527 1600 609 1655 eque
618 1585 689 1652 ipse,
710 1581 849 1649 diemque:

126 1659 225 1729 datque
234 1658 354 1712 animum
365 1658 393 1712 in
404 1656 508 1712 luctus:
524 1665 550 1711 et
560 1655 676 1709 luctibus
687 1653 776 1706 adiicit
785 1653 868 1714 iram:

74 1744 112 1786 3⁸5
127 1732 299 1804 ciliciumque
310 1739 387 1805 negat
397 1730 508 1786 mundo.
539 1729 618 1792 Satis¹
639 1726 737 1798 inquit,
758 1727 858 1786 abacvi

128 1824 185 1862 sors
197 1823 255 1860 mea
264 1807 403 1878 principiis
413 1806 464 1861 luit
473 1804 629 1876 irrequieta:
649 1803 774 1876 pigetque

128 1888 245 1936 actorum
256 1882 314 1935 sine
323 1881 375 1935 fine
385 1881 463 1945 mihi,
483 1880 542 1934 sine
552 1879 661 1947 honore,
681 1878 812 1934 laborum.

128 1953 246 2020 Quilibet
254 1953 319 2009 alter
328 1961 389 2027 agat
397 1961 531 2025 portantes
541 1952 643 2007 lumina
653 1970 757 2008 currus.

128 2028 156 2083 Si
166 2045 244 2083 nemo
253 2035 302 2094 cst,
321 2045 469 2100 omnesque
481 2028 521 2082 dei
534 2044 586 2082 non
596 2044 673 2098 posse
685 2028 813 2096 latentur;

74 2111 113 2156 300
129 2103 186 2174 ipse
194 2109 267 2174 agat:
290 2109 321 2156 ut
329 2102 433 2168 saltem,
465 2103 530 2157 dum
542 2110 644 2158 noscas
653 2110 734 2157 tentat
743 2104 870 2168 habenas,

128 2177 252 2233 orbatura
261 2183 348 2248 patres
358 2176 504 2248 aliquando
513 2175 627 2231 fulmina
636 2184 727 2249 ponat.

129 2252 204 2306 Tunc
213 2253 290 2316 sciet,
314 2251 469 2324 ignipedum
480 2252 551 2306 vires
560 2260 684 2322 expertus
693 2268 833 2323 equorum,

130 2342 183 2380 non
194 2325 324 2379 meruisse
334 2342 439 2389 necem,
459 2327 569 2398 quinon
580 2327 648 2381 bene
658 2327 754 2380 rexerit
763 2325 834 2380 illos.

130 2398 203 2457 Talia
213 2400 343 2454 dicentem
353 2400 526 2454 circumstant
535 2400 624 2455 omnia
634 2399 722 2456 Solem

77 2482 116 2527 300
132 2475 258 2529 numina:
280 2491 346 2529 neve
357 2473 421 2530 velit
430 2475 551 2530 tenebras
562 2474 686 2530 inducere
696 2475 786 2538 rebus,

131 2547 322 2620 supplicevoce
332 2556 434 2623 rogant.
464 2550 560 2605 Missos
573 2567 681 2622 quoque
690 2549 790 2618 Iupiter
799 2545 845 2619 ign

131 2630 249 2689 excusat,
267 2626 448 2698 precibusque
460 2624 548 2680 minas
559 2624 681 2700 regaliter
690 2622 773 2677 addit.
