1874 2940
123 163 174 219 nti
311 169 341 214 r.
363 165 490 216 ovmn
507 149 672 213 roscius

69 276 108 324 iot
122 268 195 326 haud
204 269 312 341 poterit:
333 269 464 342 ibuntque
472 284 549 339 pares
559 267 588 322 iu
600 266 825 324 vulnerafratres:

123 343 307 418 subductaque
315 361 379 400 suos
388 360 480 400 manes
490 341 583 397 tellure
593 342 693 398 videbit

122 420 202 476 vivus
212 419 299 476 adhuc
309 427 395 476 vates:
416 417 543 489 ultusque
551 424 658 489 parente
665 423 799 489 parentem

124 502 202 551 natus
210 495 260 551 erit
268 494 335 552 facto
343 494 406 566 pius
416 499 442 547 et
451 491 592 547 sceleratus
603 491 709 547 eodem:

124 571 305 642 attonitusque
313 568 401 634 maiis,
422 565 485 622 arui
494 567 645 638 mentisque
654 567 814 638 domusque,

70 651 108 702 tio
122 645 244 701 vultibus
252 641 434 700 Eumenidum
444 640 589 712 matrisque
599 641 740 714 agitabitur
750 642 866 712 umbris,

123 720 207 776 donoc
216 736 278 774 eum
287 717 386 774 coniux
395 715 472 770 fatale
480 717 628 788 poposcerit
636 733 747 772 aurum:

123 799 319 867 cognatumque
328 790 397 846 latus
406 790 537 865 Phegeius
547 791 665 845 hauserit
676 791 758 845 ensis.

124 870 194 922 Tum
204 865 313 921 demum
323 882 421 940 magno
429 872 499 938 petet
508 865 559 922 hoc
567 864 692 921 Acheloia
702 864 816 938 supplex

124 943 158 998 ab
170 939 384 998 IovaCailirhoi:
405 938 632 997 uaticiniantihus
642 958 726 997 annos

125 1016 216 1073 addat:
238 1033 304 1074 neve
313 1033 404 1074 necem
414 1017 484 1072 sinat
493 1033 551 1072 esse
558 1015 652 1072 ultoris
663 1015 786 1072 inultam.

71 1102 110 1150 415
123 1091 275 1165 lupitarhis
285 1100 388 1160 motus,
408 1091 548 1167 privignae
555 1091 624 1148 dona
634 1109 774 1164 nurusque

123 1168 280 1241 praecipiet:
301 1167 430 1242 iaciatque
438 1169 510 1225 viros
520 1168 677 1240 impubibus
688 1168 775 1222 annis.

160 1244 230 1299 Haec
240 1244 288 1301 ubi
298 1242 410 1301 faticano
418 1244 523 1301 venturi
533 1243 650 1317 praescia
659 1242 728 1298 dixit

124 1336 168 1376 ore
177 1320 299 1389 Themis3
318 1320 394 1376 vario
403 1318 497 1392 Superi
506 1336 628 1376 sermone
636 1316 793 1374 fremebant:

124 1402 158 1459 ot,
179 1411 228 1449 cur
237 1412 291 1451 non
302 1393 361 1450 aliis
374 1394 465 1450 cadem
474 1393 536 1448 dare
545 1393 614 1449 dona
625 1392 722 1459 liceret,

71 1475 109 1524 ibt
123 1475 321 1523 murmuraret.
350 1468 474 1535 Queritur
484 1475 583 1523 veteres
593 1467 734 1523 Pallantias
744 1484 828 1522 annos

124 1542 246 1615 coniugis
255 1557 314 1596 esse
323 1542 381 1597 sui:
402 1542 522 1613 queritur
534 1559 672 1597 canescere
681 1543 753 1597 mitis

124 1615 228 1671 Iasiona
237 1615 329 1672 Cerea:
350 1616 490 1686 repetitum
501 1615 631 1672 Mulciber
639 1632 735 1672 aevum

123 1690 208 1762 poscit
216 1690 397 1748 Erichthonio.
426 1686 555 1746 Vaporem
565 1705 673 1762 quoque
682 1706 745 1744 cura
755 1689 837 1743 futuri

124 1765 218 1838 tangit,
239 1773 265 1821 et
274 1764 405 1822 Anchisae
414 1781 540 1821 renovare
551 1763 692 1836 paciscitur
702 1781 795 1818 annos.

71 1847 110 1894 425
124 1838 174 1895 Cui
184 1839 296 1906 studeat,
307 1839 383 1895 deus
392 1839 480 1894 omnis
490 1838 582 1893 habet:
603 1837 749 1909 crescitque
758 1835 847 1890 favore

124 1912 231 1968 turbida
240 1913 346 1980 sediti03
367 1912 668 1984 donccsuaInpiterora

124 1984 217 2043 solvit:
238 1995 272 2051 et.
293 1985 407 2042 Onostri
417 1986 441 2042 si
451 2004 506 2060 qua
515 1993 555 2042 est
563 1984 716 2050 reverentia,
737 1981 813 2047 dixit,

125 2078 180 2134 quo
189 2058 286 2116 ruitis?
313 2062 462 2117 Tantumne
471 2061 571 2134 aliquis
582 2059 635 2115 sibi
644 2075 722 2131 posse
731 2058 835 2114 videtur

124 2135 177 2194 iata
186 2152 295 2209 quoque
303 2143 333 2191 ut
342 2134 466 2208 superet?
493 2135 566 2193 Fatis
576 2132 662 2191 Iolaus
671 2134 700 2189 in
710 2151 803 2200 annos,

71 2221 109 2270 ito
124 2231 192 2287 quos
202 2212 264 2287 egit,
285 2211 376 2267 rediit:
396 2211 457 2267 iatis
469 2211 637 2267 iuvenescere
645 2208 742 2265 debent

125 2288 256 2347 Callirhoe
264 2287 361 2362 geniti3
382 2285 602 2352 nonambitiono,
624 2285 772 2340 necarmis.

123 2365 177 2421 Vos
190 2364 288 2429 etiam‚.
301 2378 408 2435 quoque
417 2361 467 2417 hoc
476 2362 565 2418 animo
574 2359 681 2417 meliore
691 2360 789 2427 ieratis,

125 2457 169 2495 me
177 2455 286 2513 quoque
294 2437 347 2495 iata
356 2444 464 2511 regunt:
486 2438 587 2509 quaesi
598 2445 701 2492 mutare
711 2436 836 2500 valerem,

125 2531 174 2570 nac
184 2523 306 2571 nostrum
315 2512 368 2570 acri
380 2519 521 2568 curvarent
530 2512 633 2569 Aeacon
642 2513 720 2568 anni:

67 2597 109 2643 ⁴3⁵
117 2597 337 2664 perpetuumque
346 2589 404 2646 aevi
414 2585 504 2644 florem
513 2587 731 2643 Rhadamanthus
740 2585 848 2642 haberet

107 2680 173 2718 cum
182 2664 363 2725 dliaoa'mco:
386 2664 435 2743 qui
445 2671 552 2743 proptor
561 2668 775 2719 amaraseuectae
