1874 2940
122 118 171 172 188
310 123 338 168 Ρ.
359 123 491 170 ov1n11
508 123 675 170 NASONIS

67 232 106 280 444
120 221 325 280 inveniebantur
334 222 456 280 leerimee
466 231 564 279 umen.
594 225 681 296 thue
691 224 796 292 derina,

120 316 203 372 quam
213 305 325 366 ventus,
344 306 476 372 ventoque
484 300 553 371 repit
561 299 709 355 contrarius
722 309 828 368 aestus,

120 377 178 430 vim
187 373 324 448 geminem
336 375 430 439 sentit,
452 382 580 446 paretque
589 375 687 429 incerte
696 374 824 432 duobus.

120 451 241 505 Thestius
249 448 323 506 haud
331 448 405 504 aliter
413 448 503 504 dubiis
513 448 648 505 effectibus
658 457 736 515 44444,

121 542 223 598 perque
231 525 302 581 vioes
312 525 396 595 penit,
415 523 824 595 positamqueresuseitatirsm.

67 608 106 656 445
121 601 217 673 lneipit
225 617 283 655 esse
292 606 380 653 tumen
390 596 617 673 meliorgermenn
630 606 753 672 parente:

121 687 161 740 et,
179 673 391 759 eonsenguinens
400 681 431 728 ut
439 674 571 748 sanguine
581 673 661 730 leniat
670 674 793 743 umbras,

122 751 255 820 impietate
264 764 309 819 pm
318 753 367 802 est.
394 749 463 803 Nem
472 756 615 821 postquam
624 748 731 822 pestifer
741 751 816 824 ignis

120 820 270 890 convaluit5
291 822 381 896 Rogus
390 822 440 878 iste
448 833 546 880 cremet
554 841 613 879 mee
623 824 734 892 viseere,
756 826 838 884 dixit.

121 897 209 969 thue
218 913 301 952 menn
314 896 371 952 dire
381 895 487 972 lignum
497 897 574 954 istnle
583 899 700 968 tenebat3

67 978 106 1026 444
121 979 183 1027 ente
192 970 352 1044 sepulcrales
364 973 459 1031 infelix
467 975 568 1030 adstitit
577 992 651 1031 eras:

120 1047 534 1124 Poenarumquedenetripliees,
553 1049 708 1117 furialibus,
729 1051 831 1123 inquit,

120 1123 294 1190 Eumenides,
313 1124 395 1182 saeris
404 1126 496 1183 vultus
507 1125 633 1183 advertite
642 1134 753 1182 vestros.

121 1199 369 1276 Ulciseerfeeieque
379 1200 467 1259 nefas:
488 1220 560 1260 mors
570 1210 654 1260 morte
666 1200 765 1275 pianda
774 1212 831 1258 est:

122 1277 153 1333 in
165 1277 253 1334 sosius
263 1277 415 1334 addendum
425 1278 512 1335 seeius
521 1287 571 1346 est,
592 1279 621 1335 in
633 1276 726 1334 funere
736 1275 831 1333 funus.

68 1360 108 1407 445
122 1354 172 1409 Per
183 1363 348 1410 conservatos
356 1362 446 1426 pereat
455 1356 551 1411 domus
561 1355 645 1427 impin
656 1352 754 1410 luctus.

122 1428 165 1482 An
175 1426 240 1482 felix
252 1426 357 1483 Oeneus
367 1435 428 1483 nete
440 1430 540 1485 victore
548 1428 660 1496 fruetur,

122 1499 246 1554 Thestius
255 1499 337 1555 orbus
348 1501 415 1556 erit?
440 1502 537 1558 Melius
548 1502 674 1589 lugebitis
684 1503 772 1558 ambo.

121 1574 175 1629 Vos
185 1571 278 1638 medo,
298 1571 407 1629 fraterni
417 1592 524 1641 manes,
545 1593 704 1648 animaeque
716 1586 848 1645 recentes,

121 1645 241 1703 efficium
250 1647 345 1702 sentite
354 1665 459 1703 meum:
481 1666 633 1724 magnoque
642 1657 746 1722 paratas

68 1729 107 1779 444
122 1720 358 1793 aecipiteinieries,
378 1723 447 1778 uteri
459 1722 650 1798 melepignore
660 1724 753 1779 nostri.

122 1798 180 1853 Heu
190 1796 272 1851 mihil
293 1796 464 1871 quempior?
490 1800 605 1864 Fratres,
621 1798 751 1871 ignoscite
759 1804 848 1855 matri.

122 1871 394 1944 Deficiuntadeoeptn
402 1890 510 1929 manus.
538 1872 668 1929 Meruisse
680 1869 793 1924 fatemur

122 1945 214 2012 illurn,
237 1961 286 2001 cur
294 1954 396 2018 pereat:
416 1949 510 2003 mortis
519 1947 588 2002 mihi
598 1943 720 2015 displieet
728 1947 827 1997 auctor.

120 2021 192 2095 Ergo
200 2020 312 2092 impune
320 2020 398 2092 feret;
418 2022 566 2095 vivusque,
587 2027 613 2074 et
621 2019 718 2083 victer,
738 2016 830 2090 etipse

68 2103 108 2153 445
122 2113 247 2153 suecessu
258 2096 389 2163 tumidus,
411 2115 425 2152 r
476 2114 525 2152 um
535 2092 679 2169 Calydonis
688 2093 815 2149 habebit?

121 2190 170 2229 ves
180 2171 248 2228 cinis
257 2171 372 2246 exiguus
381 2114 537 2260 geliednneque
545 2168 665 2226 iacebitis
675 2170 805 2226 umbree‘?

122 2248 200 2306 Heud
209 2247 332 2322 equidem
342 2255 437 2320 patrer.
466 2247 558 2303 Pereat
567 2245 723 2303 sceleratus:
745 2255 771 2302 et
782 2246 827 2302 ille

123 2341 253 2398 spemque
271 2323 370 2397 petris,
397 2340 566 2398 regnumque
585 2321 686 2391 trahet,
715 2324 869 2397 patriaeque

602 2417 720 2455 rumam.

123 2474 198 2529 Mens
207 2445 255 2531 ubi
265 2481 383 2530 materne
392 2471 450 2529 est‘?
458 2472 506 2530 ubi
517 2492 590 2531 nune
596 2477 705 2549 piavota
710 2475 869 2548 parentant

70 2559 109 2603 544
125 2555 162 2614 et,
184 2565 253 2620 qnos
262 2549 389 2616 sustinui,
412 2550 455 2606 bis
465 2568 589 2609 mensum
599 2552 721 2626 quinque
731 2550 851 2607 labores?

124 2622 262 2682 Outinem
270 2626 367 2698 primis
377 2626 489 2684 arsisses
498 2629 608 2705 ignibus
621 2627 724 2683 iniens:

166 2872 294 2905 A
