1874 2940
168 141 545 188 METAMORPHOSEON
563 141 631 187 LIB.
652 142 697 188 Ν.
767 138 799 189 93

56 259 211 314 erroresque
220 259 312 314 vagos,
332 258 475 312 caecaeque
484 240 581 295 oblivia
592 243 697 308 mentis,

58 324 84 372 et
93 315 530 388 scelus,etlacrimas‚rabiemque,
538 325 563 370 et
572 317 658 371 caedis
668 333 798 386 amorem3

57 392 147 448 omnia
159 392 219 445 trita
230 390 324 447 simul:
345 408 413 463 quae
424 391 555 464 sanguine
565 391 647 447 mixta
658 391 755 447 recenti

58 475 164 522 coxerat
174 482 318 531 aerccavo,
339 465 418 521 viridi
429 474 531 521 versata
540 466 636 520 cicuta.

58 544 184 612 Dumque
194 541 348 612 parentilli,
368 540 692 596 vertitfuriaieveuenum
817 554 855 595 505

59 624 152 689 pectus
164 617 191 671 in
202 616 351 678 amborum,
371 616 576 688 praecordiaque
585 616 680 670 intima
689 616 781 672 movit.

60 693 130 746 Tum
141 690 195 746 sace
205 693 297 745 iactata
309 708 356 761 per
365 691 478 746 eundem
489 692 595 762 saepius
607 691 708 757 orbem,

59 767 231 839 consequitur
241 774 325 820 motos
335 765 457 821 velociter
470 767 579 840 ignibus
591 767 676 840 ignes.

60 841 104 896 Sic
114 841 223 904 victrix,
244 841 366 912 iussique
378 849 479 912 potens,
500 842 534 896 ad
545 843 633 897 inania
646 841 737 915 magni

61 933 141 988 regna
152 915 308 969 reditDitis:
329 924 503 987 sumtumque
513 918 656 990 recingitur
665 935 699 972 an
739 931 792 970 em.
818 926 856 968 510

99 991 223 1044 Protinus
234 989 355 1044 Aeolides
364 991 450 1045 media
462 989 624 1045 furibundus
633 993 661 1045 in
672 1009 706 1045 au
717 1009 733 1045 a

61 1063 166 1127 clamat,
188 1065 224 1127 Io,
245 1065 361 1128 comites,
383 1065 426 1118 his
437 1066 498 1118 retia
509 1065 606 1118 tendite
616 1065 706 1118 silvis:

62 1137 108 1189 hic
118 1136 196 1191 modo
205 1154 267 1191 cum
280 1139 385 1209 gemina
395 1139 452 1191 visa
462 1147 502 1190 est
512 1139 577 1190 mibi
588 1137 661 1207 prole
671 1138 769 1193 leaena.

62 1212 151 1281 thue
161 1209 239 1275 ferae,
260 1211 380 1281 sequitur
389 1211 499 1282 vestigia
509 1212 631 1282 coniugis
640 1229 746 1266 amens:

64 1286 151 1357 deque
161 1285 223 1338 sinu
234 1285 325 1337 matris
335 1284 462 1338 ridentem
472 1291 497 1336 et
505 1301 589 1353 ,parva
601 1284 747 1338 Learchum
821 1298 858 1340 515

62 1360 172 1417 brachia
184 1358 332 1412 tendentem
343 1359 426 1429 rapit,
447 1365 473 1411 et
482 1358 523 1411 bis
533 1366 624 1429 terque
633 1375 680 1429 per
689 1375 767 1413 auras

63 1453 137 1491 more
148 1441 214 1489 rotat
223 1431 334 1488 fundae:
356 1433 495 1508 rigidoque
505 1432 687 1489 iniantiasaxo

63 1511 171 1566 discutit
184 1527 228 1564 ora
238 1507 320 1564 ferox.
351 1509 419 1563 Tum
432 1508 547 1581 denique
557 1510 656 1565 concita
666 1516 750 1563 mater

63 1585 119 1658 (seu
130 1584 204 1641 dolor
214 1584 263 1639 hoc
273 1583 346 1648 iecit,
367 1601 414 1639 seu
429 1585 514 1657 sparsi
525 1602 618 1640 caussa
628 1584 723 1640 veneni
731 1584 748 1657 3)

64 1658 195 1725 exululat;
217 1659 358 1731 passisque
367 1659 436 1734 fugit
446 1660 514 1714 maie
524 1678 587 1717 sana
598 1659 712 1731 capitiis,
821 1673 858 1714 550

63 1735 151 1804 Teque
161 1733 247 1788 ferens
257 1751 370 1805 parvum
381 1736 470 1799 nudis,
491 1735 630 1799 Melicerta,
653 1734 765 1799 lacertis,

64 1809 150 1875 Euoe,
171 1810 279 1874 Bacche,
301 1819 385 1865 sonat.
415 1811 572 1864 bacchisub
583 1810 691 1864 nominc
701 1810 768 1863 luno

63 1884 135 1939 risit:
157 1891 195 1949 et,
216 1885 270 1939 Hos
279 1902 345 1939 usus
355 1893 467 1956 praestet
476 1885 534 1949 tibi,
556 1884 631 1949 dixit,
653 1882 789 1939 alumnus

101 1960 225 2014 Imminet
234 1961 394 2030 aequoribus
405 1959 545 2030 scopulos,
567 1977 628 2029 pars
639 1959 692 2013 ima
702 1967 810 2014 cavatur

64 2034 197 2100 fluctibus,
218 2043 243 2088 et
252 2043 332 2088 tectas
342 2033 500 2089 defenditab
511 2033 642 2089 imbribus
653 2034 753 2088 undas:
822 2045 859 2087 525

64 2126 170 2164 summa
191 2109 272 2182 riget,
300 2107 467 2182 frontemque
491 2111 519 2162 in
547 2117 668 2180 apertum
695 2108 807 2180 porrigit

595 2201 625 2239 ae
645 2201 703 2238 uor.
746 2214 749 2219 ·

66 2255 182 2326 Ooeupat
191 2256 265 2312 hunc
274 2257 353 2331 (vires
364 2258 467 2314 insania
477 2257 579 2331 iecerat)
589 2202 649 2314 labb

66 2347 148 2400 seque
159 2348 239 2400 super
247 2342 369 2402 pontum,
392 2333 465 2387 nulio
475 2332 573 2387 tardata
584 2334 685 2394 timore,

66 2405 155 2464 mittit,
176 2421 298 2476 onusque
309 2425 401 2462 suum.
431 2408 557 2461 Percussa
569 2403 705 2462 recanduit
714 2402 795 2456 unda.

67 2482 100 2535 At
110 2481 201 2535 Venus
213 2479 357 2535 immeritae
367 2481 452 2552 neptis
465 2481 585 2534 miserata
597 2480 708 2541 labores,
823 2489 861 2530 555

66 2557 105 2609 sic
115 2565 208 2627 patruo
218 2553 334 2608 blandita
344 2574 395 2611 suo
404 2564 456 2610 est:
478 2555 609 2610 Onumen
623 2568 763 2623 aquarum,

68 2631 187 2702 proxima
196 2629 241 2685 cui
251 2628 323 2686 coeio
330 2632 422 2701 cessit,
439 2632 582 2704 beqtune,
595 2634 740 2701 ootestasx
