1874 2940
175 120 551 170 METAMORPHOSEON
568 125 636 170 LIB.
656 126 699 171 Vl.
757 121 806 175 423

61 230 87 278 et
97 221 222 294 patriam,
240 221 326 276 Patria
337 230 379 277 est
386 221 473 277 clarae
482 223 559 286 mihi,
579 224 656 290 dixit,
672 226 804 295 Athenae,

61 295 241 369 Triptolemus
251 313 362 352 nemen:
382 298 444 353 veni
454 314 502 352 nec
509 314 600 370 puppe
608 317 656 369 per
665 301 751 355 undae

62 371 349 444 neepedeperterrae:
369 372 455 443 patuit
463 373 531 426 mihi
540 374 649 445 pervius
659 375 756 430 aether.

60 449 137 502 Dona
147 444 201 501 iero
210 446 327 515 Cererie3
347 444 413 501 latos
422 463 491 518 quae
500 464 592 520 sparsa
601 465 734 521 peragras
822 463 860 504 655

61 519 205 594 frugiferas
214 538 314 575 messae
323 519 501 593 alimentaque
513 523 587 577 mitia
597 522 716 578 reddant.

61 597 196 652 Barbarus
205 595 316 650 invidit:
337 597 456 668 tantique
464 604 495 651 ut
504 598 624 652 muneris
633 606 724 654 auctor

61 673 122 744 ipse
131 671 181 735 eit,
201 669 316 741 bospitio
325 670 430 741 recipit:
451 688 599 744 somnoque
607 680 749 746 gravatum

63 742 305 820 aggrediturferro.
335 744 479 800 Conantem
492 747 572 820 figere
581 754 675 819 peetus

63 821 143 895 lynea
152 819 230 876 ceres
239 817 314 874 fecit:
334 836 483 892 rursusque
491 838 539 893 per
548 824 607 878 aera
616 822 696 878 iussit
821 835 859 879 666

62 893 234 967 Mopsopium
243 893 368 950 iuvenem
378 911 465 951 saeros
475 896 574 969 agitare
583 897 695 971 iugales.

100 968 427 1024 Finieratdoctesenobis
436 972 554 1026 maxima
562 981 665 1027 cantus.

62 1044 98 1100 At
106 1043 247 1118 Nymphae
256 1043 352 1099 vicisse
360 1043 422 1098 deas
430 1043 555 1100 Helicona
564 1046 677 1102 nolenter

62 1117 185 1175 concordi
195 1117 284 1173 dixere
296 1135 370 1174 sono.
400 1119 524 1175 Convicia
534 1120 618 1176 victae

63 1191 283 1266 quumiaeerent,
301 1191 443 1259 Quoniam,
465 1193 541 1259 dixit,
563 1194 790 1250 certaminevobis
820 1206 858 1250 665

63 1267 228 1342 supplicium
257 1267 387 1323 meruisse
412 1285 508 1339 parum
531 1275 585 1333 eet,
614 1267 805 1395 maledictaque

594 1358 687 1413 cupae

63 1417 170 1484 additis,
189 1423 216 1473 et
224 1434 278 1474 non
287 1424 328 1472 est
335 1417 459 1489 patientia
469 1415 551 1472 libera
561 1417 652 1486 nobis3

63 1491 326 1564 ibimueinpoenas3
347 1500 381 1558 et,
402 1509 455 1566 qua
468 1491 605 1558 meatim,
629 1508 782 1564 sequemur.

62 1567 160 1623 Rident
168 1566 332 1634 Emathides,
344 1574 527 1639 spernuntque
536 1567 650 1623 minacia
658 1567 754 1636 verba,

63 1648 224 1715 conataeque
233 1640 317 1713 loqui,
337 1651 362 1698 et
371 1661 468 1717 magno
478 1642 591 1699 elamore
599 1649 735 1715 protervae
819 1653 857 1697 666

63 1717 193 1773 intentare
201 1733 307 1784 manus,
327 1734 430 1789 pennas
440 1718 511 1773 exire
520 1736 567 1790 per
575 1735 680 1792 ungues
747 1727 750 1734 ’

63 1791 207 1863 adspexere
216 1808 288 1857 suos,
310 1792 441 1864 opeririat
452 1793 559 1848 brachia
568 1791 684 1864 plumis:

63 1865 198 1937 alteraque
207 1865 314 1920 alteriue
323 1866 409 1940 rigida
417 1885 583 1923 concrescere
592 1875 676 1923 rostro

62 1957 108 1996 ora
118 1939 200 2007 videt,
220 1939 394 2013 volucresque
403 1959 486 1998 novas
496 1943 615 1997 aecedere
624 1942 714 1997 silvis:

62 2014 189 2089 plangere
198 2014 317 2088 dumque
325 2016 429 2084 uolunt,
442 2033 490 2088 per
498 2017 606 2073 brachia
616 2025 686 2073 mota
696 2015 795 2074 levatae
819 2028 858 2071 665

63 2092 123 2145 aere
131 2088 289 2161 pendebant,
310 2108 451 2147 nemorum
460 2093 589 2157 convicia,
610 2093 693 2164 picae.

62 2165 142 2220 Nunc
151 2181 258 2237 qunque
267 2166 296 2221 in
305 2166 413 2221 alitibus
423 2164 547 2221 facundia
557 2167 643 2239 prisca
653 2168 789 2231 remansit,

62 2255 197 2312 raucaque
205 2241 347 2314 garrulitas
357 2241 532 2314 studiumque
540 2242 657 2298 immane
667 2241 802 2313 loquendi.

232 2414 387 2472 LIBER
426 2414 638 2473 SEXTUS.

62 2523 227 2589 Praebuerat
235 2533 313 2588 dictis
323 2535 440 2591 Tritonia
448 2536 546 2590 talibus
556 2551 660 2600 aurem3

62 2607 235 2680 carminaque
243 2607 389 2678 Aonidum,
400 2610 558 2686 iustamque
564 2606 824 2686 dinumeraturum.
