<?xml version="1.0" encoding="UTF-8"?>
<!DOCTYPE html PUBLIC "-//W3C//DTD XHTML 1.0 Transitional//EN"
    "http://www.w3.org/TR/xhtml1/DTD/xhtml1-transitional.dtd">
<html xmlns="http://www.w3.org/1999/xhtml" xml:lang="en" lang="en">
 <head>
  <title>
</title>
<meta http-equiv="Content-Type" content="text/html;charset=utf-8" />
  <meta name='ocr-system' content='tesseract 3.04.00' />
  <meta name='ocr-capabilities' content='ocr_page ocr_carea ocr_par ocr_line ocrx_word'/>
</head>
<body>
  <div class='ocr_page' id='page_1' title='image "./povidiinasoniso01ovidgoog_0126.png"; bbox 0 0 1874 2940; ppageno 0'>
   <div class='ocr_carea' id='block_1_1' title="bbox 174 120 803 174">
    <p class='ocr_par' dir='ltr' id='par_1_1' title="bbox 174 120 803 174">
     <span class='ocr_line' id='line_1_1' title="bbox 174 120 803 174; baseline -0.005 -2"><span class='ocrx_word' id='word_1_1' title='bbox 174 123 555 174; x_wconf 78' lang='lat' dir='ltr'>METAMORPHOSEON</span> <span class='ocrx_word' id='word_1_2' title='bbox 578 125 646 170; x_wconf 91' lang='lat' dir='ltr'>LIB.</span> <span class='ocrx_word' id='word_1_3' title='bbox 661 125 695 171; x_wconf 77' lang='lat' dir='ltr'>V.</span> <span class='ocrx_word' id='word_1_4' title='bbox 754 120 803 170; x_wconf 76' lang='grc'>419</span> 
     </span>
    </p>
   </div>
   <div class='ocr_carea' id='block_1_2' title="bbox 57 223 866 2699">
    <p class='ocr_par' dir='ltr' id='par_1_2' title="bbox 57 223 819 299">
     <span class='ocr_line' id='line_1_2' title="bbox 57 223 819 299; baseline -0.008 -13"><span class='ocrx_word' id='word_1_5' title='bbox 57 243 157 287; x_wconf 82' lang='lat' dir='ltr'>verum</span> <span class='ocrx_word' id='word_1_6' title='bbox 166 233 301 282; x_wconf 86' lang='lat' dir='ltr'>amorest:</span> <span class='ocrx_word' id='word_1_7' title='bbox 322 241 409 299; x_wconf 90' lang='lat' dir='ltr'>neque</span> <span class='ocrx_word' id='word_1_8' title='bbox 418 225 467 280; x_wconf 84' lang='lat' dir='ltr'>erit</span> <span class='ocrx_word' id='word_1_9' title='bbox 475 224 553 279; x_wconf 88' lang='lat' dir='ltr'>nobis</span> <span class='ocrx_word' id='word_1_10' title='bbox 562 242 643 298; x_wconf 78' lang='lat' dir='ltr'>gener</span> <span class='ocrx_word' id='word_1_11' title='bbox 652 223 696 279; x_wconf 89' lang='lat' dir='ltr'>ille</span> <span class='ocrx_word' id='word_1_12' title='bbox 704 224 819 295; x_wconf 91' lang='lat' dir='ltr'>pudori:</span> 
     </span>
    </p>

    <p class='ocr_par' dir='ltr' id='par_1_3' title="bbox 59 300 810 371">
     <span class='ocr_line' id='line_1_3' title="bbox 59 300 810 371; baseline -0.008 -11"><span class='ocrx_word' id='word_1_13' title='bbox 59 312 91 360; x_wconf 89' lang='lat' dir='ltr'>tn</span> <span class='ocrx_word' id='word_1_14' title='bbox 101 302 191 367; x_wconf 86' lang='lat' dir='ltr'>modo,</span> <span class='ocrx_word' id='word_1_15' title='bbox 210 301 281 368; x_wconf 86' lang='lat' dir='ltr'>diva,</span> <span class='ocrx_word' id='word_1_16' title='bbox 292 300 369 357; x_wconf 85' lang='lat' dir='ltr'>velis.</span> <span class='ocrx_word' id='word_1_17' title='bbox 383 300 417 355; x_wconf 90' lang='lat' dir='ltr'>Ut</span> <span class='ocrx_word' id='word_1_18' title='bbox 426 300 626 365; x_wconf 81' lang='lat' dir='ltr'>desinteaetera,</span> <span class='ocrx_word' id='word_1_19' title='bbox 633 306 765 371; x_wconf 88' lang='lat' dir='ltr'>quantum</span> <span class='ocrx_word' id='word_1_20' title='bbox 771 307 810 354; x_wconf 91' lang='lat' dir='ltr'>est</span> 
     </span>
    </p>

    <p class='ocr_par' dir='ltr' id='par_1_4' title="bbox 59 373 792 449">
     <span class='ocr_line' id='line_1_4' title="bbox 59 373 792 449; baseline -0.008 -13"><span class='ocrx_word' id='word_1_21' title='bbox 59 375 330 436; x_wconf 80' lang='lat' dir='ltr'>eeselovisfratremt</span> <span class='ocrx_word' id='word_1_22' title='bbox 350 373 422 442; x_wconf 87' lang='lat' dir='ltr'>Quid</span> <span class='ocrx_word' id='word_1_23' title='bbox 432 374 505 449; x_wconf 92' lang='lat' dir='ltr'>quod</span> <span class='ocrx_word' id='word_1_24' title='bbox 514 390 561 429; x_wconf 91' lang='lat' dir='ltr'>nec</span> <span class='ocrx_word' id='word_1_25' title='bbox 578 380 677 429; x_wconf 88' lang='lat' dir='ltr'>caetera</span> <span class='ocrx_word' id='word_1_26' title='bbox 686 374 792 441; x_wconf 89' lang='lat' dir='ltr'>desunt,</span> 
     </span>
    </p>

    <p class='ocr_par' dir='ltr' id='par_1_5' title="bbox 61 447 695 519">
     <span class='ocr_line' id='line_1_5' title="bbox 61 447 695 519; baseline -0.013 -9"><span class='ocrx_word' id='word_1_27' title='bbox 61 471 111 510; x_wconf 89' lang='lat' dir='ltr'>nec</span> <span class='ocrx_word' id='word_1_28' title='bbox 119 451 191 509; x_wconf 89' lang='lat' dir='ltr'>cedit</span> <span class='ocrx_word' id='word_1_29' title='bbox 199 451 253 506; x_wconf 89' lang='lat' dir='ltr'>nisi</span> <span class='ocrx_word' id='word_1_30' title='bbox 262 458 331 507; x_wconf 84' lang='lat' dir='ltr'>sorte</span> <span class='ocrx_word' id='word_1_31' title='bbox 341 449 427 504; x_wconf 84' lang='lat' dir='ltr'>mihit</span> <span class='ocrx_word' id='word_1_32' title='bbox 457 447 695 519; x_wconf 89' lang='lat' dir='ltr'>Sedtantacupido</span> 
     </span>
    </p>

    <p class='ocr_par' dir='ltr' id='par_1_6' title="bbox 60 522 859 596">
     <span class='ocr_line' id='line_1_6' title="bbox 60 522 859 596; baseline -0.009 -12"><span class='ocrx_word' id='word_1_33' title='bbox 60 527 145 584; x_wconf 86' lang='lat' dir='ltr'>sitibi</span> <span class='ocrx_word' id='word_1_34' title='bbox 153 525 258 581; x_wconf 89' lang='lat' dir='ltr'>discidii</span> <span class='ocrx_word' id='word_1_35' title='bbox 268 532 316 592; x_wconf 87' lang='lat' dir='ltr'>est,</span> <span class='ocrx_word' id='word_1_36' title='bbox 336 531 434 596; x_wconf 86' lang='lat' dir='ltr'>repetet</span> <span class='ocrx_word' id='word_1_37' title='bbox 442 525 598 596; x_wconf 89' lang='lat' dir='ltr'>Proserpina</span> <span class='ocrx_word' id='word_1_38' title='bbox 607 522 724 578; x_wconf 86' lang='lat' dir='ltr'>coelum:</span> <span class='ocrx_word' id='word_1_39' title='bbox 820 534 859 577; x_wconf 83' lang='grc'>535</span> 
     </span>
    </p>

    <p class='ocr_par' dir='ltr' id='par_1_7' title="bbox 60 597 638 678">
     <span class='ocr_line' id='line_1_7' title="bbox 60 597 638 678; baseline -0.01 -20"><span class='ocrx_word' id='word_1_40' title='bbox 60 603 120 678; x_wconf 76' lang='lat' dir='ltr'>legs</span> <span class='ocrx_word' id='word_1_41' title='bbox 130 609 219 657; x_wconf 86' lang='lat' dir='ltr'>tamen</span> <span class='ocrx_word' id='word_1_42' title='bbox 228 608 307 667; x_wconf 90' lang='lat' dir='ltr'>certa,</span> <span class='ocrx_word' id='word_1_43' title='bbox 328 600 352 654; x_wconf 89' lang='lat' dir='ltr'>si</span> <span class='ocrx_word' id='word_1_44' title='bbox 363 598 452 655; x_wconf 87' lang='lat' dir='ltr'>nullos</span> <span class='ocrx_word' id='word_1_45' title='bbox 462 599 574 672; x_wconf 83' lang='lat' dir='ltr'>contigit</span> <span class='ocrx_word' id='word_1_46' title='bbox 582 597 638 653; x_wconf 93' lang='lat' dir='ltr'>illic</span> 
     </span>
    </p>

    <p class='ocr_par' dir='ltr' id='par_1_8' title="bbox 61 672 866 807">
     <span class='ocr_line' id='line_1_8' title="bbox 61 672 775 735; baseline -0.01 0"><span class='ocrx_word' id='word_1_47' title='bbox 61 677 205 735; x_wconf 87' lang='lat' dir='ltr'>orecibos:</span> <span class='ocrx_word' id='word_1_48' title='bbox 226 693 290 730; x_wconf 92' lang='lat' dir='ltr'>nam</span> <span class='ocrx_word' id='word_1_49' title='bbox 299 674 338 729; x_wconf 91' lang='lat' dir='ltr'>sic</span> <span class='ocrx_word' id='word_1_50' title='bbox 345 675 488 730; x_wconf 89' lang='lat' dir='ltr'>Parcarum</span> <span class='ocrx_word' id='word_1_51' title='bbox 497 672 600 730; x_wconf 80' lang='lat' dir='ltr'>foedere</span> <span class='ocrx_word' id='word_1_52' title='bbox 609 679 717 728; x_wconf 88' lang='lat' dir='ltr'>cautum</span> <span class='ocrx_word' id='word_1_53' title='bbox 726 682 775 728; x_wconf 87' lang='lat' dir='ltr'>est.</span> 
     </span>
     <span class='ocr_line' id='line_1_9' title="bbox 99 748 866 807; baseline -0.007 0"><span class='ocrx_word' id='word_1_54' title='bbox 99 751 222 807; x_wconf 77' lang='lat' dir='ltr'><strong>Dixerat:</strong></span> <span class='ocrx_word' id='word_1_55' title='bbox 242 756 270 805; x_wconf 88' lang='lat' dir='ltr'>at</span> <span class='ocrx_word' id='word_1_56' title='bbox 277 749 364 805; x_wconf 87' lang='lat' dir='ltr'>Cereri</span> <span class='ocrx_word' id='word_1_57' title='bbox 377 756 479 804; x_wconf 89' lang='lat' dir='ltr'>certum</span> <span class='ocrx_word' id='word_1_58' title='bbox 488 757 528 804; x_wconf 85' lang='lat' dir='ltr'>est</span> <span class='ocrx_word' id='word_1_59' title='bbox 536 748 647 805; x_wconf 89' lang='lat' dir='ltr'>educere</span> <span class='ocrx_word' id='word_1_60' title='bbox 657 755 756 804; x_wconf 85' lang='lat' dir='ltr'>natam.</span> <span class='ocrx_word' id='word_1_61' title='bbox 863 754 866 760; x_wconf 80' lang='grc'>’</span> 
     </span>
    </p>

    <p class='ocr_par' dir='ltr' id='par_1_9' title="bbox 62 823 698 898">
     <span class='ocr_line' id='line_1_10' title="bbox 62 823 698 898; baseline -0.006 -14"><span class='ocrx_word' id='word_1_62' title='bbox 62 829 124 883; x_wconf 91' lang='lat' dir='ltr'>Non</span> <span class='ocrx_word' id='word_1_63' title='bbox 133 827 171 881; x_wconf 81' lang='lat' dir='ltr'>ita</span> <span class='ocrx_word' id='word_1_64' title='bbox 182 823 235 880; x_wconf 81' lang='lat' dir='ltr'>fata</span> <span class='ocrx_word' id='word_1_65' title='bbox 245 825 351 880; x_wconf 84' lang='lat' dir='ltr'>sinunt:</span> <span class='ocrx_word' id='word_1_66' title='bbox 373 825 501 896; x_wconf 87' lang='lat' dir='ltr'>quoniam</span> <span class='ocrx_word' id='word_1_67' title='bbox 512 825 612 881; x_wconf 90' lang='lat' dir='ltr'>ieiunia</span> <span class='ocrx_word' id='word_1_68' title='bbox 621 824 698 898; x_wconf 81' lang='lat' dir='ltr'>virgo</span> 
     </span>
    </p>

    <p class='ocr_par' dir='ltr' id='par_1_10' title="bbox 63 897 860 971">
     <span class='ocr_line' id='line_1_11' title="bbox 63 897 860 971; baseline -0.01 -13"><span class='ocrx_word' id='word_1_69' title='bbox 63 901 192 958; x_wconf 85' lang='lat' dir='ltr'>solverat:</span> <span class='ocrx_word' id='word_1_70' title='bbox 212 906 247 966; x_wconf 89' lang='lat' dir='ltr'>et,</span> <span class='ocrx_word' id='word_1_71' title='bbox 269 897 350 956; x_wconf 85' lang='lat' dir='ltr'>cultis</span> <span class='ocrx_word' id='word_1_72' title='bbox 359 898 425 954; x_wconf 91' lang='lat' dir='ltr'>dum</span> <span class='ocrx_word' id='word_1_73' title='bbox 434 898 551 971; x_wconf 84' lang='lat' dir='ltr'>simplex</span> <span class='ocrx_word' id='word_1_74' title='bbox 559 908 628 955; x_wconf 88' lang='lat' dir='ltr'>errat</span> <span class='ocrx_word' id='word_1_75' title='bbox 636 899 665 955; x_wconf 88' lang='lat' dir='ltr'>in</span> <span class='ocrx_word' id='word_1_76' title='bbox 675 898 769 965; x_wconf 84' lang='lat' dir='ltr'>hortis,</span> <span class='ocrx_word' id='word_1_77' title='bbox 821 906 860 951; x_wconf 78' lang='lat'>535</span> 
     </span>
    </p>

    <p class='ocr_par' dir='ltr' id='par_1_11' title="bbox 61 973 713 1050">
     <span class='ocr_line' id='line_1_12' title="bbox 61 973 713 1050; baseline -0.003 -18"><span class='ocrx_word' id='word_1_78' title='bbox 61 976 210 1050; x_wconf 89' lang='lat' dir='ltr'>puniceum</span> <span class='ocrx_word' id='word_1_79' title='bbox 221 991 304 1032; x_wconf 85' lang='lat' dir='ltr'>curva</span> <span class='ocrx_word' id='word_1_80' title='bbox 312 973 476 1046; x_wconf 73' lang='lat' dir='ltr'>decerpserat</span> <span class='ocrx_word' id='word_1_81' title='bbox 485 974 577 1030; x_wconf 87' lang='lat' dir='ltr'>arbore</span> <span class='ocrx_word' id='word_1_82' title='bbox 587 992 713 1046; x_wconf 88' lang='lat' dir='ltr'>pomum:</span> 
     </span>
    </p>

    <p class='ocr_par' dir='ltr' id='par_1_12' title="bbox 63 1049 671 1123">
     <span class='ocr_line' id='line_1_13' title="bbox 63 1049 671 1123; baseline -0.007 -15"><span class='ocrx_word' id='word_1_83' title='bbox 63 1058 207 1123; x_wconf 86' lang='lat' dir='ltr'>sumtaqus</span> <span class='ocrx_word' id='word_1_84' title='bbox 216 1049 325 1122; x_wconf 88' lang='lat' dir='ltr'>pallenti</span> <span class='ocrx_word' id='word_1_85' title='bbox 334 1057 435 1121; x_wconf 88' lang='lat' dir='ltr'>septem</span> <span class='ocrx_word' id='word_1_86' title='bbox 443 1049 477 1104; x_wconf 91' lang='lat' dir='ltr'>de</span> <span class='ocrx_word' id='word_1_87' title='bbox 485 1050 580 1105; x_wconf 90' lang='lat' dir='ltr'>cortice</span> <span class='ocrx_word' id='word_1_88' title='bbox 587 1067 671 1123; x_wconf 84' lang='lat' dir='ltr'>grana</span> 
     </span>
    </p>

    <p class='ocr_par' dir='ltr' id='par_1_13' title="bbox 62 1121 724 1200">
     <span class='ocr_line' id='line_1_14' title="bbox 62 1121 724 1200; baseline -0.008 -18"><span class='ocrx_word' id='word_1_89' title='bbox 62 1132 195 1200; x_wconf 83' lang='lat' dir='ltr'>presserat</span> <span class='ocrx_word' id='word_1_90' title='bbox 204 1142 249 1181; x_wconf 93' lang='lat' dir='ltr'>ore</span> <span class='ocrx_word' id='word_1_91' title='bbox 257 1142 320 1181; x_wconf 85' lang='lat' dir='ltr'>suo:</span> <span class='ocrx_word' id='word_1_92' title='bbox 341 1123 469 1196; x_wconf 89' lang='lat' dir='ltr'>solusque</span> <span class='ocrx_word' id='word_1_93' title='bbox 477 1141 511 1180; x_wconf 87' lang='lat' dir='ltr'>ex</span> <span class='ocrx_word' id='word_1_94' title='bbox 520 1125 646 1180; x_wconf 89' lang='lat' dir='ltr'>omnibus</span> <span class='ocrx_word' id='word_1_95' title='bbox 656 1121 724 1177; x_wconf 88' lang='lat' dir='ltr'>illud</span> 
     </span>
    </p>

    <p class='ocr_par' dir='ltr' id='par_1_14' title="bbox 63 1196 795 1273">
     <span class='ocr_line' id='line_1_15' title="bbox 63 1196 795 1273; baseline -0.008 -16"><span class='ocrx_word' id='word_1_96' title='bbox 63 1200 231 1273; x_wconf 81' lang='lat' dir='ltr'><strong>Ascalaphus</strong></span> <span class='ocrx_word' id='word_1_97' title='bbox 240 1199 321 1256; x_wconf 91' lang='lat' dir='ltr'>vidit:</span> <span class='ocrx_word' id='word_1_98' title='bbox 333 1216 414 1271; x_wconf 90' lang='lat' dir='ltr'>quem</span> <span class='ocrx_word' id='word_1_99' title='bbox 423 1198 560 1270; x_wconf 89' lang='lat' dir='ltr'>quondam</span> <span class='ocrx_word' id='word_1_100' title='bbox 570 1198 668 1252; x_wconf 85' lang='lat' dir='ltr'>dicitur</span> <span class='ocrx_word' id='word_1_101' title='bbox 676 1196 795 1269; x_wconf 89' lang='lat' dir='ltr'>Orphne,</span> 
     </span>
    </p>

    <p class='ocr_par' dir='ltr' id='par_1_15' title="bbox 62 1271 861 1346">
     <span class='ocr_line' id='line_1_16' title="bbox 62 1271 861 1346; baseline -0.011 -14"><span class='ocrx_word' id='word_1_102' title='bbox 62 1278 134 1332; x_wconf 89' lang='lat' dir='ltr'>inter</span> <span class='ocrx_word' id='word_1_103' title='bbox 142 1275 286 1332; x_wconf 83' lang='lat' dir='ltr'>Avernales</span> <span class='ocrx_word' id='word_1_104' title='bbox 296 1274 369 1330; x_wconf 91' lang='lat' dir='ltr'>haud</span> <span class='ocrx_word' id='word_1_105' title='bbox 378 1273 545 1346; x_wconf 82' lang='lat' dir='ltr'>ignotissima</span> <span class='ocrx_word' id='word_1_106' title='bbox 554 1271 703 1346; x_wconf 85' lang='lat' dir='ltr'>Nymphas,</span> <span class='ocrx_word' id='word_1_107' title='bbox 823 1276 861 1323; x_wconf 78' lang='lat'>54⁰</span> 
     </span>
    </p>

    <p class='ocr_par' dir='ltr' id='par_1_16' title="bbox 64 1345 712 1420">
     <span class='ocr_line' id='line_1_17' title="bbox 64 1345 712 1420; baseline -0.014 -11"><span class='ocrx_word' id='word_1_108' title='bbox 64 1351 253 1409; x_wconf 80' lang='lat' dir='ltr'>exAcheronte</span> <span class='ocrx_word' id='word_1_109' title='bbox 262 1367 312 1406; x_wconf 88' lang='lat' dir='ltr'>suo</span> <span class='ocrx_word' id='word_1_110' title='bbox 321 1348 407 1404; x_wconf 85' lang='lat' dir='ltr'>furvis</span> <span class='ocrx_word' id='word_1_111' title='bbox 416 1347 549 1420; x_wconf 88' lang='lat' dir='ltr'>peperisse</span> <span class='ocrx_word' id='word_1_112' title='bbox 558 1347 609 1402; x_wconf 86' lang='lat' dir='ltr'>suh</span> <span class='ocrx_word' id='word_1_113' title='bbox 619 1345 712 1401; x_wconf 85' lang='lat' dir='ltr'>antris.</span> 
     </span>
    </p>

    <p class='ocr_par' dir='ltr' id='par_1_17' title="bbox 63 1421 679 1484">
     <span class='ocr_line' id='line_1_18' title="bbox 63 1421 679 1484; baseline -0.013 0"><span class='ocrx_word' id='word_1_114' title='bbox 63 1426 152 1484; x_wconf 90' lang='lat' dir='ltr'>Vidit:</span> <span class='ocrx_word' id='word_1_115' title='bbox 172 1433 199 1481; x_wconf 91' lang='lat' dir='ltr'>et</span> <span class='ocrx_word' id='word_1_116' title='bbox 207 1425 305 1480; x_wconf 91' lang='lat' dir='ltr'>indicio</span> <span class='ocrx_word' id='word_1_117' title='bbox 314 1423 429 1479; x_wconf 87' lang='lat' dir='ltr'>reditum</span> <span class='ocrx_word' id='word_1_118' title='bbox 439 1421 554 1478; x_wconf 87' lang='lat' dir='ltr'>crudelis</span> <span class='ocrx_word' id='word_1_119' title='bbox 572 1421 679 1477; x_wconf 78' lang='lat' dir='ltr'>ademit.</span> 
     </span>
    </p>

    <p class='ocr_par' dir='ltr' id='par_1_18' title="bbox 64 1495 720 1576">
     <span class='ocr_line' id='line_1_19' title="bbox 64 1495 720 1576; baseline -0.009 -19"><span class='ocrx_word' id='word_1_120' title='bbox 64 1500 201 1576; x_wconf 82' lang='lat' dir='ltr'>Ingemuit</span> <span class='ocrx_word' id='word_1_121' title='bbox 209 1501 301 1574; x_wconf 81' lang='lat' dir='ltr'>regina</span> <span class='ocrx_word' id='word_1_122' title='bbox 309 1499 403 1568; x_wconf 72' lang='lat' dir='ltr'>Erebi,</span> <span class='ocrx_word' id='word_1_123' title='bbox 425 1505 570 1570; x_wconf 86' lang='lat' dir='ltr'>testemque</span> <span class='ocrx_word' id='word_1_124' title='bbox 582 1495 720 1570; x_wconf 86' lang='lat' dir='ltr'>profanam</span> 
     </span>
    </p>

    <p class='ocr_par' dir='ltr' id='par_1_19' title="bbox 65 1569 808 1704">
     <span class='ocr_line' id='line_1_20' title="bbox 65 1569 808 1704; baseline -0.009 -72"><span class='ocrx_word' id='word_1_125' title='bbox 65 1575 128 1633; x_wconf 80' lang='lat' dir='ltr'>fecit</span> <span class='ocrx_word' id='word_1_126' title='bbox 154 1591 245 1632; x_wconf 82' lang='lat' dir='ltr'>avem:</span> <span class='ocrx_word' id='word_1_127' title='bbox 274 1592 452 1649; x_wconf 83' lang='lat' dir='ltr'>sparsumque</span> <span class='ocrx_word' id='word_1_128' title='bbox 481 1581 560 1648; x_wconf 87' lang='lat' dir='ltr'>eaput</span> <span class='ocrx_word' id='word_1_129' title='bbox 592 1569 808 1704; x_wconf 52' lang='lat' dir='ltr'>lshlegethontide</span> 
     </span>
    </p>

    <p class='ocr_par' dir='ltr' id='par_1_20' title="bbox 674 1649 709 1704">
     <span class='ocr_line' id='line_1_21' title="bbox 674 1649 709 1704; baseline -0.057 0"><span class='ocrx_word' id='word_1_130' title='bbox 674 1649 709 1704; x_wconf 87' lang='lat' dir='ltr'>ha</span> 
     </span>
    </p>

    <p class='ocr_par' dir='ltr' id='par_1_21' title="bbox 66 1666 862 1800">
     <span class='ocr_line' id='line_1_22' title="bbox 66 1666 862 1800; baseline -0.011 -18"><span class='ocrx_word' id='word_1_131' title='bbox 66 1727 97 1782; x_wconf 91' lang='lat' dir='ltr'>in</span> <span class='ocrx_word' id='word_1_132' title='bbox 109 1732 235 1794; x_wconf 85' lang='lat' dir='ltr'>rostrum,</span> <span class='ocrx_word' id='word_1_133' title='bbox 254 1725 405 1799; x_wconf 84' lang='lat' dir='ltr'>etplumae,</span> <span class='ocrx_word' id='word_1_134' title='bbox 424 1734 450 1783; x_wconf 88' lang='lat' dir='ltr'>et</span> <span class='ocrx_word' id='word_1_135' title='bbox 458 1724 569 1800; x_wconf 78' lang='lat' dir='ltr'>grandia</span> <span class='ocrx_word' id='word_1_136' title='bbox 579 1666 682 1780; x_wconf 46' lang='lat' dir='ltr'>ludrnilda</span> <span class='ocrx_word' id='word_1_137' title='bbox 691 1721 778 1777; x_wconf 85' lang='lat' dir='ltr'>vertit.</span> <span class='ocrx_word' id='word_1_138' title='bbox 824 1727 862 1774; x_wconf 77' lang='grc'>545</span> 
     </span>
    </p>

    <p class='ocr_par' dir='ltr' id='par_1_22' title="bbox 66 1799 628 1867">
     <span class='ocr_line' id='line_1_23' title="bbox 66 1799 628 1867; baseline -0.005 -11"><span class='ocrx_word' id='word_1_139' title='bbox 66 1800 115 1856; x_wconf 91' lang='lat' dir='ltr'>Ille</span> <span class='ocrx_word' id='word_1_140' title='bbox 126 1800 178 1857; x_wconf 82' lang='lat' dir='ltr'>stoi</span> <span class='ocrx_word' id='word_1_141' title='bbox 188 1801 292 1857; x_wconf 81' lang='lat' dir='ltr'>ablatus</span> <span class='ocrx_word' id='word_1_142' title='bbox 301 1800 383 1858; x_wconf 84' lang='lat' dir='ltr'>fulvis</span> <span class='ocrx_word' id='word_1_143' title='bbox 393 1801 515 1856; x_wconf 83' lang='lat' dir='ltr'>amicitur</span> <span class='ocrx_word' id='word_1_144' title='bbox 524 1800 553 1854; x_wconf 93' lang='lat' dir='ltr'>in</span> <span class='ocrx_word' id='word_1_145' title='bbox 564 1799 628 1867; x_wconf 79' lang='lat' dir='ltr'>alis3</span> 
     </span>
    </p>

    <p class='ocr_par' dir='ltr' id='par_1_23' title="bbox 67 1872 801 1950">
     <span class='ocr_line' id='line_1_24' title="bbox 67 1872 801 1950; baseline -0.005 -20"><span class='ocrx_word' id='word_1_146' title='bbox 67 1876 354 1948; x_wconf 78' lang='lat' dir='ltr'>inquecaputorescit3</span> <span class='ocrx_word' id='word_1_147' title='bbox 375 1875 522 1950; x_wconf 82' lang='lat' dir='ltr'>longosque</span> <span class='ocrx_word' id='word_1_148' title='bbox 531 1872 672 1930; x_wconf 83' lang='lat' dir='ltr'>reflectitur</span> <span class='ocrx_word' id='word_1_149' title='bbox 682 1889 801 1947; x_wconf 73' lang='lat' dir='ltr'>ungues,</span> 
     </span>
    </p>

    <p class='ocr_par' dir='ltr' id='par_1_24' title="bbox 66 1950 752 2024">
     <span class='ocr_line' id='line_1_25' title="bbox 66 1950 752 2024; baseline -0.004 -17"><span class='ocrx_word' id='word_1_150' title='bbox 66 1952 169 2023; x_wconf 79' lang='lat' dir='ltr'>vixque</span> <span class='ocrx_word' id='word_1_151' title='bbox 177 1958 265 2008; x_wconf 81' lang='lat' dir='ltr'>movet</span> <span class='ocrx_word' id='word_1_152' title='bbox 275 1958 349 2007; x_wconf 85' lang='lat' dir='ltr'>natas</span> <span class='ocrx_word' id='word_1_153' title='bbox 361 1969 408 2024; x_wconf 90' lang='lat' dir='ltr'>per</span> <span class='ocrx_word' id='word_1_154' title='bbox 416 1952 510 2007; x_wconf 87' lang='lat' dir='ltr'>inertia</span> <span class='ocrx_word' id='word_1_155' title='bbox 519 1950 626 2005; x_wconf 83' lang='lat' dir='ltr'>brachia</span> <span class='ocrx_word' id='word_1_156' title='bbox 636 1966 752 2021; x_wconf 84' lang='lat' dir='ltr'>pennas:</span> 
     </span>
    </p>

    <p class='ocr_par' dir='ltr' id='par_1_25' title="bbox 68 2024 711 2099">
     <span class='ocr_line' id='line_1_26' title="bbox 68 2024 711 2099; baseline 0 -19"><span class='ocrx_word' id='word_1_157' title='bbox 68 2024 197 2099; x_wconf 81' lang='lat' dir='ltr'>foedaque</span> <span class='ocrx_word' id='word_1_158' title='bbox 206 2027 237 2082; x_wconf 87' lang='lat' dir='ltr'>fit</span> <span class='ocrx_word' id='word_1_159' title='bbox 246 2026 372 2092; x_wconf 88' lang='lat' dir='ltr'>volucris,</span> <span class='ocrx_word' id='word_1_160' title='bbox 392 2026 499 2083; x_wconf 86' lang='lat' dir='ltr'>venturi</span> <span class='ocrx_word' id='word_1_161' title='bbox 509 2026 603 2081; x_wconf 88' lang='lat' dir='ltr'>nuntia</span> <span class='ocrx_word' id='word_1_162' title='bbox 613 2024 711 2090; x_wconf 83' lang='lat' dir='ltr'>luctus,</span> 
     </span>
    </p>

    <p class='ocr_par' dir='ltr' id='par_1_26' title="bbox 69 2100 864 2249">
     <span class='ocr_line' id='line_1_27' title="bbox 69 2100 864 2175; baseline -0.001 -19"><span class='ocrx_word' id='word_1_163' title='bbox 69 2100 277 2175; x_wconf 81' lang='lat' dir='ltr'>ignevuebubc,</span> <span class='ocrx_word' id='word_1_164' title='bbox 298 2100 389 2156; x_wconf 92' lang='lat' dir='ltr'>dirum</span> <span class='ocrx_word' id='word_1_165' title='bbox 399 2100 555 2157; x_wconf 87' lang='lat' dir='ltr'>mortalibus</span> <span class='ocrx_word' id='word_1_166' title='bbox 565 2118 654 2157; x_wconf 90' lang='lat' dir='ltr'>omen.</span> <span class='ocrx_word' id='word_1_167' title='bbox 825 2105 864 2148; x_wconf 79' lang='lat'>⁵5⁰</span> 
     </span>
     <span class='ocr_line' id='line_1_28' title="bbox 106 2173 735 2249; baseline -0.006 -19"><span class='ocrx_word' id='word_1_168' title='bbox 106 2176 156 2231; x_wconf 84' lang='lat' dir='ltr'>Hic</span> <span class='ocrx_word' id='word_1_169' title='bbox 166 2183 255 2231; x_wconf 87' lang='lat' dir='ltr'>tamen</span> <span class='ocrx_word' id='word_1_170' title='bbox 264 2175 362 2232; x_wconf 89' lang='lat' dir='ltr'>indicio</span> <span class='ocrx_word' id='word_1_171' title='bbox 371 2193 485 2248; x_wconf 86' lang='lat' dir='ltr'>poenam</span> <span class='ocrx_word' id='word_1_172' title='bbox 495 2175 641 2249; x_wconf 83' lang='lat' dir='ltr'>linguaque</span> <span class='ocrx_word' id='word_1_173' title='bbox 650 2173 735 2230; x_wconf 87' lang='lat' dir='ltr'>videri</span> 
     </span>
    </p>

    <p class='ocr_par' dir='ltr' id='par_1_27' title="bbox 67 2245 760 2322">
     <span class='ocr_line' id='line_1_29' title="bbox 67 2245 760 2322; baseline -0.009 -16"><span class='ocrx_word' id='word_1_174' title='bbox 67 2251 258 2306; x_wconf 85' lang='lat' dir='ltr'>commeruisse</span> <span class='ocrx_word' id='word_1_175' title='bbox 266 2257 360 2322; x_wconf 85' lang='lat' dir='ltr'>potest.</span> <span class='ocrx_word' id='word_1_176' title='bbox 390 2251 482 2316; x_wconf 83' lang='lat' dir='ltr'><strong>Vobis,</strong></span> <span class='ocrx_word' id='word_1_177' title='bbox 503 2249 667 2315; x_wconf 75' lang='lat' dir='ltr'>Acheloides,</span> <span class='ocrx_word' id='word_1_178' title='bbox 688 2245 760 2302; x_wconf 89' lang='lat' dir='ltr'>unde</span> 
     </span>
    </p>

    <p class='ocr_par' dir='ltr' id='par_1_28' title="bbox 66 2315 819 2399">
     <span class='ocr_line' id='line_1_30' title="bbox 66 2315 819 2399; baseline -0.013 -18"><span class='ocrx_word' id='word_1_179' title='bbox 66 2323 162 2398; x_wconf 86' lang='lat' dir='ltr'>pluma</span> <span class='ocrx_word' id='word_1_180' title='bbox 171 2325 305 2398; x_wconf 88' lang='lat' dir='ltr'>pedesque</span> <span class='ocrx_word' id='word_1_181' title='bbox 314 2326 416 2392; x_wconf 86' lang='lat' dir='ltr'>avium,</span> <span class='ocrx_word' id='word_1_182' title='bbox 436 2342 522 2397; x_wconf 90' lang='lat' dir='ltr'>quum</span> <span class='ocrx_word' id='word_1_183' title='bbox 531 2325 643 2399; x_wconf 83' lang='lat' dir='ltr'>virginis</span> <span class='ocrx_word' id='word_1_184' title='bbox 652 2339 697 2379; x_wconf 88' lang='lat' dir='ltr'>ora</span> <span class='ocrx_word' id='word_1_185' title='bbox 705 2315 819 2394; x_wconf 73' lang='lat' dir='ltr'>geratis?</span> 
     </span>
    </p>

    <p class='ocr_par' dir='ltr' id='par_1_29' title="bbox 68 2398 775 2474">
     <span class='ocr_line' id='line_1_31' title="bbox 68 2398 775 2474; baseline -0.011 -18"><span class='ocrx_word' id='word_1_186' title='bbox 68 2400 112 2456; x_wconf 74' lang='lat' dir='ltr'>An</span> <span class='ocrx_word' id='word_1_187' title='bbox 121 2400 195 2472; x_wconf 87' lang='lat' dir='ltr'>quia,</span> <span class='ocrx_word' id='word_1_188' title='bbox 216 2417 301 2473; x_wconf 91' lang='lat' dir='ltr'>quum</span> <span class='ocrx_word' id='word_1_189' title='bbox 312 2399 409 2474; x_wconf 79' lang='lat' dir='ltr'>legeret</span> <span class='ocrx_word' id='word_1_190' title='bbox 417 2398 494 2456; x_wconf 86' lang='lat' dir='ltr'>flores</span> <span class='ocrx_word' id='word_1_191' title='bbox 504 2400 660 2470; x_wconf 85' lang='lat' dir='ltr'>Proserpina</span> <span class='ocrx_word' id='word_1_192' title='bbox 670 2411 775 2456; x_wconf 88' lang='lat' dir='ltr'>vernos,</span> 
     </span>
    </p>

    <p class='ocr_par' dir='ltr' id='par_1_30' title="bbox 69 2467 864 2540">
     <span class='ocr_line' id='line_1_32' title="bbox 69 2467 864 2540; baseline -0.013 -10"><span class='ocrx_word' id='word_1_193' title='bbox 69 2475 99 2530; x_wconf 90' lang='lat' dir='ltr'>in</span> <span class='ocrx_word' id='word_1_194' title='bbox 109 2475 237 2531; x_wconf 87' lang='lat' dir='ltr'>comitum</span> <span class='ocrx_word' id='word_1_195' title='bbox 247 2492 358 2532; x_wconf 89' lang='lat' dir='ltr'>numero</span> <span class='ocrx_word' id='word_1_196' title='bbox 370 2475 478 2540; x_wconf 78' lang='lat' dir='ltr'>mixtae,</span> <span class='ocrx_word' id='word_1_197' title='bbox 499 2472 614 2539; x_wconf 88' lang='lat' dir='ltr'>Sirenes,</span> <span class='ocrx_word' id='word_1_198' title='bbox 635 2467 732 2525; x_wconf 76' lang='lat' dir='ltr'>eratis?</span> <span class='ocrx_word' id='word_1_199' title='bbox 826 2478 864 2521; x_wconf 91' lang='grc'>555</span> 
     </span>
    </p>

    <p class='ocr_par' dir='ltr' id='par_1_31' title="bbox 68 2545 751 2622">
     <span class='ocr_line' id='line_1_33' title="bbox 68 2545 751 2622; baseline -0.006 -18"><span class='ocrx_word' id='word_1_200' title='bbox 68 2549 156 2616; x_wconf 85' lang='lat' dir='ltr'>Quam</span> <span class='ocrx_word' id='word_1_201' title='bbox 164 2556 307 2622; x_wconf 86' lang='lat' dir='ltr'>postquam</span> <span class='ocrx_word' id='word_1_202' title='bbox 315 2557 368 2606; x_wconf 91' lang='lat' dir='ltr'>toto</span> <span class='ocrx_word' id='word_1_203' title='bbox 376 2549 474 2605; x_wconf 83' lang='lat' dir='ltr'>frustra</span> <span class='ocrx_word' id='word_1_204' title='bbox 487 2549 627 2620; x_wconf 87' lang='lat' dir='ltr'>quaesistis</span> <span class='ocrx_word' id='word_1_205' title='bbox 636 2546 665 2600; x_wconf 90' lang='lat' dir='ltr'>in</span> <span class='ocrx_word' id='word_1_206' title='bbox 674 2545 751 2614; x_wconf 75' lang='lat' dir='ltr'>orbe,</span> 
     </span>
    </p>

    <p class='ocr_par' dir='ltr' id='par_1_32' title="bbox 67 2624 743 2699">
     <span class='ocr_line' id='line_1_34' title="bbox 67 2624 743 2699; baseline -0.009 -19"><span class='ocrx_word' id='word_1_207' title='bbox 67 2624 191 2696; x_wconf 87' lang='lat' dir='ltr'>protinus</span> <span class='ocrx_word' id='word_1_208' title='bbox 201 2632 232 2680; x_wconf 88' lang='lat' dir='ltr'>ut</span> <span class='ocrx_word' id='word_1_209' title='bbox 241 2631 356 2681; x_wconf 84' lang='lat' dir='ltr'>vestram</span> <span class='ocrx_word' id='word_1_210' title='bbox 367 2627 499 2683; x_wconf 86' lang='lat' dir='ltr'>sentirent</span> <span class='ocrx_word' id='word_1_211' title='bbox 506 2637 743 2699; x_wconf 69' lang='lat' dir='ltr'>aequoraemam,</span> 
     </span>
    </p>
   </div>
   <div class='ocr_carea' id='block_1_3' title="bbox 0 0 954 2940">
    <p class='ocr_par' dir='ltr' id='par_1_33' title="bbox 0 0 954 2940">
     <span class='ocr_line' id='line_1_35' title="bbox 0 0 954 2940; baseline 0 0"><span class='ocrx_word' id='word_1_212' title='bbox 0 0 954 2940; x_wconf 95' lang='lat' dir='ltr'> </span> 
     </span>
    </p>
   </div>
  </div>
 </body>
</html>
