1874 2940
104 128 136 174 Ρ.
157 125 466 176 0v1n11ussort18

14 244 84 303 iuper
92 227 189 285 duetus
198 228 302 285 alamm
310 229 432 286 insistere
440 229 523 285 remis

14 324 41 362 s:
58 304 203 379 facilesque
210 305 273 361 deos
285 304 428 372 habuistis,
448 312 557 361 etertus

14 388 132 439 svestroe
141 380 239 437 subitis
250 378 389 437 flavescere
397 380 504 453 pennis.

14 474 53 513 ieri
62 455 108 513 ille
115 474 205 523 eanor,
224 455 380 512 mulcendas
389 454 609 522 numidiam,

14 550 42 589 re
51 532 99 589 dos
111 532 166 587 oris
175 530 283 605 linguae
292 530 445 603 deperderet
456 547 554 601 usum;

14 608 32 664 ri
42 607 145 674 vultus,
165 613 191 661 et
200 624 254 663 vox
262 607 381 661 humana
390 605 528 661 remansit.

14 682 105 737 nedius
114 680 256 754 fratrisque
265 682 309 736 sui
319 688 488 753 moestaeque
497 683 597 739 sororis

14 776 17 790 ·
26 774 60 812 ex
71 773 156 828 aequo
165 755 315 812 volventem
324 755 421 811 dividit
430 772 544 811 annum.

14 831 53 885 lea
63 847 206 903 regnorum
215 846 315 886 numen
330 847 472 886 commune
484 830 602 887 duorum

14 904 234 970 atreesttotidem,
245 905 420 961 totidemeum
425 905 662 979 coniugemensss.

14 997 34 1034 ir
42 979 174 1051 extemplo
183 978 264 1035 iacies
273 987 299 1035 et
307 982 405 1036 mentis
414 988 439 1035 et
447 980 516 1036 eris:

14 1054 81 1110 nodo
91 1071 160 1127 quae
168 1062 269 1127 poterat
277 1055 329 1110 Diti
338 1072 446 1129 quoque
456 1064 558 1112 moeste
565 1058 663 1125 vidam,

14 1147 55 1186 eae
63 1128 137 1187 frons
146 1138 199 1186 est:
220 1138 250 1186 ut
259 1129 315 1197 Sol,
335 1131 384 1203 qui
395 1137 477 1185 tectus
487 1132 600 1203 aquosis

14 1224 37 1262 rs
46 1213 107 1262 ante
116 1206 176 1273 fuit,
195 1205 273 1263 vietis
283 1206 331 1262 uhi
342 1206 461 1261 nuhihus
471 1206 536 1261 exit.

14 1283 46 1358 git
57 1282 224 1349 almaCeres,
246 1289 306 1338 nata
316 1298 408 1338 secura
418 1288 530 1352 repertu,

16 1359 44 1415 bi
53 1375 148 1414 caussa
157 1359 231 1416 viae:
252 1355 664 1422 cursis,hrethusa,saesrlons.

14 1450 73 1488 uere
80 1434 180 1500 undae,
202 1450 319 1504 quarum
327 1433 376 1488 dea
387 1429 497 1487 sustulit
508 1430 562 1487 alte

14 1513 85 1577 aput,
108 1506 459 1578 viridesquemanusioeata
468 1505 579 1579 capillos

14 1581 38 1633 is
46 1576 143 1650 Alphei
152 1588 251 1635 veteres
261 1582 378 1639 narravit
386 1598 500 1638 amores.

14 1670 40 1726 30
49 1653 247 1727 Nympharum,
260 1671 330 1726 quae
338 1665 403 1712 sunt
411 1658 440 1712 in
446 1655 572 1724 Achaide,
583 1656 663 1727 dixit,

14 1728 37 1783 i:
58 1745 107 1783 nae
116 1746 159 1783 me
168 1729 316 1785 studiosius
326 1730 406 1786 altera
414 1730 500 1787 saltus

14 1820 60 1858 nee
68 1805 159 1875 posuit
168 1804 316 1861 studiosius
325 1805 405 1861 altera
415 1824 514 1862 casses.

14 1879 213 1937 ramvisformae
224 1898 364 1955 nunquam
374 1880 442 1936 mihi
451 1880 663 1954 iamapetitaest,

14 1954 42 2008 is
51 1953 126 2011 fortis
136 1973 222 2023 eram,
241 1956 630 2013 formosaenomenhaheham.

14 2046 39 2084 ea
48 2047 91 2084 me
99 2028 180 2086 iacies
190 2032 306 2089 nimium
317 2031 422 2088 laudata
432 2031 556 2087 iuvabat:

14 2104 102 2160 ealiae
109 2107 224 2179 gaudere
233 2107 332 2177 solent;
353 2125 403 2182 ego
413 2106 512 2162 rustica
520 2105 581 2163 dote

14 2179 34 2234 is
45 2180 150 2247 erubui,
170 2182 327 2256 crimenque
335 2181 439 2255 plaeere
446 2180 550 2253 putavi.

14 2255 166 2323 revertebar,
186 2258 308 2324 memini,
329 2256 514 2332 Stymphalide
527 2254 606 2312 silva.

18 2337 86 2385 erat:
98 2347 268 2405 magnusque
276 2332 350 2389 labor
357 2333 539 2406 geminaverat
548 2338 664 2389 aestum.

14 2405 202 2462 osinevortiee
214 2424 309 2479 aquas,
330 2407 388 2461 siue
398 2424 537 2463 murmure
546 2415 651 2473 eunus,

14 2499 72 2537 :uas
82 2481 116 2537 ad
126 2481 257 2536 humum:
288 2498 336 2552 per
345 2498 414 2553 quas
425 2481 603 2538 numerabilis
613 2482 667 2539 alte

14 2575 35 2611 is
45 2557 133 2613 omnis
142 2565 211 2626 erat;
231 2573 300 2629 quas
312 2563 341 2611 tu
352 2557 400 2612 vix
409 2557 447 2612 ire
455 2566 574 2629 putares.

14 2631 91 2688 elicta
99 2631 200 2688 dabunt
209 2632 361 2706 nutritaque
371 2631 488 2705 populus
497 2632 570 2687 unda
