1874 2940
159 237 538 285 METAIIORPHOSEON
554 241 624 285 ΜΒ.
644 240 713 286 XIII.
758 205 806 286 3θρ

66 337 185 392 Dixerat:
206 348 233 393 at
241 335 357 410 populus
367 335 499 404 lacrimas,
519 337 642 410 quasilla
654 341 767 405 tenebat,

67 418 209 468 nentonet.
240 411 387 484 lpseetiam
396 409 755 484 ssensinvitusquesacsrdos
821 423 860 472 475

66 486 184 558 praebita
198 487 315 542 coniecto
323 487 396 558 rupit
404 486 555 558 praecordia
565 486 642 542 ferro.

66 560 123 625 Illa,
144 577 225 633 super
233 568 329 616 terram
337 559 436 617 defecto
445 560 543 633 poplite
553 560 654 625 labens,

65 634 174 707 pertulit
183 635 327 708 intrepidos
337 635 370 690 ad
380 634 432 690 iata
441 636 587 692 novissima
596 634 698 690 vultus.

66 711 142 766 Tunc
150 728 259 784 quoque
267 728 331 766 cure
339 709 391 766 iuit
398 719 486 783 partes
498 709 586 767 velare
594 710 727 785 tegendas,

66 803 152 858 quum
162 784 278 851 caderet,
298 785 417 859 castique
427 785 508 842 decus
517 802 622 842 servare
630 784 751 858 pudori.
822 794 861 842 tet

66 860 180 917 Troades
190 861 340 934 excipiunt3
360 859 562 935 deploratosque
570 868 707 916 recensent

66 936 227 992 Priamidas:
248 944 274 991 et
282 935 349 1008 quid
358 935 459 991 dederit
467 936 563 992 domus
573 953 627 992 una
636 935 753 992 cruoris:

66 1020 146 1082 teque
147 1018 273 1138 gemunt,
288 1011 374 1083 virgo,
391 1016 480 1081 teque,
502 1011 606 1068 omodo
616 1011 688 1086 regia
698 1013 805 1076 coniux,

67 1086 138 1157 regia
167 1086 216 1138 icta
226 1100 331 1154 parans,
352 1081 431 1137 Asiae
440 1082 556 1138 florentis
565 1086 668 1158 imago;

67 1155 425 1228 nuncetiampraedaemalo
436 1173 507 1212 eors:
528 1174 611 1228 quam
621 1160 704 1214 victor
713 1160 803 1216 Ulixes
822 1169 862 1215 485

66 1249 124 1287 esse
133 1249 211 1285 suam
221 1230 310 1296 nollet,
331 1230 383 1284 nisi
392 1230 464 1301 quod
474 1237 562 1286 tamen
571 1232 678 1287 Hectora
690 1241 769 1304 partu

67 1307 195 1362 edideras.
226 1305 370 1360 Dominum
379 1305 458 1361 matri
469 1305 517 1361 vix
528 1306 625 1376 reperit
633 1307 736 1361 Hector.

67 1380 140 1449 Quae
148 1397 245 1451 corpus
253 1378 400 1452 complexa,
421 1379 588 1435 anImaetam
598 1378 673 1436 fortis
684 1380 771 1447 inane,

67 1473 134 1528 quas
144 1455 219 1511 toties
229 1453 442 1526 patriaadederat
450 1454 572 1527 natisque
581 1456 702 1527 viroque,

68 1530 130 1597 huic
151 1547 259 1602 quoque
277 1529 322 1586 dat
341 1529 477 1598 lacrimam
507 1528 629 1660 lacmmps
646 1530 676 1660 {p
695 1530 805 1586 vulnera

608 1605 698 1674 unit,
822 1613 861 1660 itu

67 1677 210 1751 osculaque
219 1696 263 1735 ore
271 1679 344 1754 tegit,
364 1687 542 1753 consuetaque
550 1688 654 1753 pectora
664 1679 776 1754 plangit,

67 1753 245 1826 canitiemque
253 1772 331 1810 suam
340 1762 460 1811 concreto
470 1755 499 1811 in
509 1755 639 1828 sanguine
649 1772 767 1821 verrens,

65 1828 144 1901 plura
153 1828 272 1900 quidem,
293 1829 373 1884 sedet
382 1829 447 1885 haec
456 1828 552 1885 laniato
561 1836 664 1901 pectore
673 1828 755 1885 dixit:

67 1905 211 1970 Nata,tuae
220 1903 523 1979 (quidenimsuperest‘i)
532 1902 607 1960 dolor
615 1903 709 1960 ultime
718 1905 807 1972 matri,

67 1988 137 2046 nata,
149 1979 231 2036 iaces:
251 1979 382 2052 videoque
391 1995 491 2044 meum,
503 1985 548 2035 tua
560 1979 681 2046 vulnera,
691 1979 805 2036 vulnus:
823 1988 862 2035 itt

67 2063 106 2122 et,
127 2072 160 2110 ne
169 2055 329 2127 perdiderim
337 2071 501 2129 quemquam
512 2054 570 2111 sine
579 2056 657 2111 caede
665 2074 795 2120 meorum,

66 2139 96 2184 tu
107 2148 214 2202 quoque
225 2131 425 2187 vuinushebes.
446 2129 522 2196 Atte,
538 2131 602 2203 quia
612 2131 719 2197 semina,
734 2131 809 2186 rebar

67 2202 160 2258 eferro
170 2213 269 2262 tutam:
290 2207 407 2261 cecidisti
417 2204 549 2261 atfemina
562 2205 644 2262 ferro:

66 2285 157 2347 totque
167 2286 227 2333 tuos
237 2279 307 2334 idem
317 2280 419 2346 fratres,
439 2280 587 2350 teperdidit
598 2281 678 2342 idem,

67 2350 179 2404 exitium
189 2352 281 2406 Troiae
292 2355 428 2425 nostrique
437 2355 550 2419 orbator,
571 2352 696 2407 Achilles.
823 2363 862 2406 tut

67 2424 101 2479 At
110 2431 252 2496 postquam
262 2427 355 2482 cecidit
363 2427 466 2481 Paridis
476 2427 628 2498 Phoebique
638 2425 754 2498 sagittis:

68 2515 141 2554 nunc
150 2506 227 2563 certe,
248 2499 319 2565 dixi,
341 2517 394 2555 non
404 2508 445 2555 est
454 2501 611 2557 metuendus
623 2498 749 2555 Achilles.

67 2576 146 2630 Nunc
155 2590 263 2645 quoque
270 2577 309 2629 ml
318 2574 477 2632 metuendus
486 2585 549 2632 erat.
561 2574 636 2631 Ciuis
646 2574 703 2645 ipse
712 2574 808 2645 sepulti

69 2650 98 2704 in
115 2666 200 2723 genus
223 2647 273 2704 hoc
289 2648 387 2705 saevit:
420 2650 524 2706 tumulo
545 2665 652 2776 quotppe
674 2649 808 2702 sensimus

626 2728 734 2776 ostem,
