1874 2940
121 143 169 197 ⁴02
310 151 338 196 P.
359 150 486 198 ov1D11
503 149 668 197 NASONIS

120 266 188 320 quae
199 247 276 314 irata,
297 267 365 322 quas
375 257 456 304 terras
465 249 516 304 sub
525 265 554 302 se
563 249 672 304 vidisset
681 248 714 303 ab
724 247 791 304 alte:

119 331 144 376 ct
154 339 223 395 quae
232 324 332 379 iactatis
342 324 468 396 tetigisset
477 323 561 378 sidera
574 324 679 394 pennis.

120 396 361 470 Anteexpectatnm
370 397 557 452 tacuittamen.
585 397 691 470 Excipit
701 414 774 452 unus

67 481 106 525 tte
121 488 275 530 exnumere
286 487 432 545 procerum,
454 489 592 543 quaerens,
613 489 858 530 curunaserorum

121 547 232 619 gesserit
241 545 347 602 alternis
357 546 494 602 immixtos
503 546 622 602 crinibus
634 563 746 620 angues.

158 623 258 693 Hospes
267 621 312 684 ait,
332 618 464 685 Quoniam
473 622 574 676 scitaris
584 621 665 695 digna
676 619 769 687 relatu,

122 700 210 766 accipe
218 693 330 766 quaesiti
339 710 471 750 caussam.
500 696 651 751 Clarissima
661 695 754 763 ferma,

123 768 319 840 multorumque
327 767 378 823 fuit
387 786 448 841 spes
458 770 587 826 invidiosa
596 787 737 841 procerum

69 853 108 896 795
122 841 182 897 illa:
203 858 251 897 nec
260 842 289 896 in
299 848 350 898 teta
359 845 521 916 conspectior
529 843 584 899 ulla
594 844 696 916 capillis

122 933 184 988 pars
193 913 253 971 fuit.
282 917 384 985 Inveni,
406 918 454 991 qui
463 936 490 974 se
502 919 601 974 vidisse
611 919 744 975 referrent.

122 992 195 1046 Hanc
203 989 289 1121 pelapi
300 1001 382 1050 rector
391 993 488 1066 temple
496 993 602 1050 vitiasse
616 995 748 1049 Minervae

122 1065 227 1119 dicitur.
281 1085 355 1123 versa
368 1075 417 1135 cst,
437 1075 462 1123 et
471 1075 555 1124 castos
568 1069 657 1144 aegide
669 1068 761 1124 vultus

123 1146 184 1194 nata
193 1140 262 1195 levis
271 1143 348 1198 texit:
370 1160 436 1199 neve
447 1143 497 1200 hec
509 1143 619 1216 impune
627 1142 730 1208 inisset,

70 1224 108 1269 aee
123 1214 291 1288 Gorgoneum
300 1218 399 1274 crinem
408 1226 499 1291 turpes
509 1218 620 1282 mumvit
632 1218 660 1272 in
673 1217 783 1292 hydros.

123 1289 200 1344 Nune
209 1309 326 1368 quoque,
336 1302 366 1351 ut
376 1295 498 1351 attenites
508 1293 648 1351 formidine
657 1300 751 1348 terreat
760 1293 858 1361 hostes,

126 1371 229 1435 pectere
239 1369 267 1423 in
278 1370 395 1435 adverse,
416 1369 568 1442 quesiecit‚
589 1368 702 1424 sustinet
711 1386 821 1443 angues.

224 1549 418 1605 LIBER
463 1550 753 1614 QUINTUS·

124 1658 256 1740 Dumque
264 1683 294 1722 ea
303 1667 457 1739 Cephenum
466 1667 553 1724 medie
562 1669 692 1728 Danaeius
701 1671 777 1729 heros

125 1743 438 1816 agminecemmemorat3
459 1742 566 1800 fremitu
576 1744 673 1820 regalia
683 1748 775 1803 turbae

125 1818 189 1872 atria
198 1816 375 1889 complentur:
397 1834 445 1873 nec
453 1819 612 1894 coniugialia
621 1820 687 1876 festa

125 1891 172 1963 qui
182 1899 270 1957 canat,
290 1900 330 1946 est
338 1891 450 1962 clam0r;
471 1893 575 1968 sedqui
586 1895 639 1951 fera
651 1895 754 1950 nuntiet
764 1907 847 1945 arma.

72 1977 83 2019 s
124 1966 209 2037 Inque
218 1966 367 2038 repentinos
379 1969 501 2025 convivia
513 1986 590 2026 versa
599 1967 731 2024 tumultus

125 2039 281 2096 assimulare
291 2040 355 2098 trae
365 2043 462 2114 pessis,
483 2045 556 2118 qued
565 2059 643 2098 sceva
653 2037 774 2110 quietum

125 2122 263 2172 ventorum
273 2115 358 2171 rabies
367 2119 445 2174 metis
455 2123 591 2190 exasperat
599 2113 690 2170 undis.

125 2191 231 2247 Primus
239 2192 267 2247 in
277 2191 320 2247 his
330 2191 457 2259 Phineus,
477 2191 540 2249 belli
550 2187 705 2244 temerarius
713 2196 810 2256 auctor,

125 2263 270 2322 fraxineam
279 2266 401 2338 quatiens
411 2275 511 2323 aeratae
519 2262 637 2333 cuspidis
648 2262 768 2319 hastam:

73 2349 98 2391 10
125 2340 177 2406 En,
198 2341 243 2408 ait,
263 2358 296 2396 en
307 2341 401 2397 adsum
411 2346 562 2414 praereptae
573 2338 694 2413 coniugis
704 2338 786 2396 ulter:

127 2431 176 2469 nec
184 2415 250 2470 mihi
261 2422 285 2470 te
293 2433 404 2486 pennae,
425 2432 473 2471 nec
483 2412 580 2468 falsum
589 2431 682 2470 versus
691 2416 720 2471 in
729 2431 825 2471 aurum

127 2480 225 2558 Iupiter
233 2490 334 2560 eripiet.
365 2488 475 2544 Cenanti
490 2487 592 2544 mittere
602 2489 732 2564 Cepheus,

127 2560 198 2626 Quid
208 2562 290 2618 facis?
308 2563 448 2620 exclamat:
461 2581 530 2636 quac
539 2571 572 2630 te,
587 2583 720 2640 germane,
733 2563 863 2619 furentem

125 2653 202 2690 mens
212 2637 267 2711 agit
275 2639 303 2693 in
314 2637 434 2696 facinus‘?
459 2639 593 2696 Meritisne
606 2642 670 2697 haec
679 2640 762 2715 gratia
772 2639 850 2694 tantis
