1874 2940
125 107 174 161 302
303 109 334 154 P.
354 107 481 155 0v1n11
503 107 670 154 NASONIS

69 224 108 266 255
123 208 194 277 Quid
204 208 279 282 Lycii
289 206 400 263 referam
410 205 569 278 Sarpedonis
578 204 686 278 agmina
696 203 765 260 ferro

123 283 257 338 devastata
267 281 345 338 meo‘l
362 298 449 353 quum
458 279 543 334 multo
551 278 684 351 sunguine
693 277 751 334 fudi

124 357 274 423 Coeranon,
304 353 534 428 Hippasidenque,
567 352 755 436 Alastoraque,
787 353 872 411 Claro

604 443 692 480 mrum
712 443 756 492 ue,

125 503 357 576 Alcandrumque,
376 500 553 572 Haliumque,
576 444 781 584 Noemondque,
805 502 874 576 Pry-

604 581 679 628 tamn
720 591 743 640 e,

125 651 259 723 exitioque
268 648 329 703 dedi
339 665 401 702 cum
411 645 629 702 Chersidamante
639 591 757 714 Thddne,

72 737 110 780 too
125 725 308 793 etChuropen,
331 720 445 791 latisque
453 719 605 774 immitibus
613 721 755 777 Ennomon
765 727 872 792 actum3

125 799 227 869 quique
236 795 329 849 minus
338 791 453 847 celebres
465 800 553 847 nostra
564 795 616 849 sub
625 794 767 850 moenibus
775 796 855 851 urbis

126 870 290 942 procubuere
299 884 393 921 manu.
422 865 491 921 Sunt
500 867 602 921 etmihi
612 866 734 934 vulnera,
754 869 839 935 oives,

127 945 185 1015 ipso
195 941 287 1013 pulcre
298 940 368 998 loeo:
390 958 439 996 neo
447 942 525 996 vanis
534 941 631 996 credite
641 942 739 996 verbis.

126 1017 260 1090 Adspicite
274 1034 323 1084 eu,
343 1024 497 1089 vestemque
511 1033 594 1070 manu
603 1014 723 1081 diduxit,
743 1023 783 1082 et,
804 1018 875 1074 Haeo

604 1096 668 1144 sunt

72 1179 111 1224 2⁶⁵
125 1175 228 1239 pectora
238 1183 352 1239 semper,
373 1167 420 1232 eit,
440 1164 535 1221 vestris
545 1164 656 1218 exercita
667 1162 759 1218 rebus.

126 1243 161 1297 At
171 1242 239 1299 nihil
249 1242 380 1315 impendit
388 1259 435 1314 per
445 1248 482 1297 tot
492 1238 662 1294 Telamonius
671 1253 757 1292 anuos

127 1318 268 1391 sanguinis
278 1318 307 1372 in
318 1318 417 1373 socios:
439 1323 464 1371 et
472 1316 552 1370 habet
561 1313 621 1368 sine
629 1310 741 1367 vulnere
750 1327 859 1384 eorpus.

127 1391 199 1456 Quid
210 1399 297 1446 tumen
308 1391 358 1446 hoo
367 1390 454 1454 refert,
476 1390 499 1442 si
509 1405 538 1442 se
546 1404 595 1460 pro
605 1384 689 1440 classe
698 1383 810 1459 Pelasga

127 1480 201 1516 arma
211 1464 305 1516 tulisse
314 1463 392 1517 refert
401 1469 491 1517 eontra
501 1462 636 1532 Troasque
645 1458 810 1530 lovemque?

74 1547 113 1589 270
127 1534 316 1603 confiteorque,
327 1535 401 1588 tulit:
423 1536 589 1602 nequeenim
599 1534 666 1588 bene
679 1532 746 1587 iacta
757 1533 876 1609 maligne

128 1606 270 1660 detrectare
279 1621 370 1658 meum
380 1612 432 1660 est:
454 1605 501 1659 sed
511 1624 559 1660 nee
568 1606 722 1662 eommunia
733 1606 812 1661 solus
832 1622 835 1627 ·

128 1685 251 1749 occupet,
273 1683 352 1747 atque
367 1677 484 1749 aliquem
499 1679 576 1735 vobis
590 1696 699 1752 quoque
716 1679 810 1735 reddat
827 1682 877 1737 ho-

608 1771 710 1809 norem.

128 1823 235 1894 Repulit
245 1822 389 1889 Actorides,
410 1826 463 1882 sub
472 1826 589 1900 imagine
600 1834 673 1882 tutus
683 1826 807 1894 Achillis,

129 1898 210 1950 Troas
221 1897 254 1950 ab
264 1897 364 1951 arsuris
374 1917 436 1953 cum
445 1899 582 1954 defensore
591 1901 699 1954 carinis.

75 1983 114 2026 275
129 1970 233 2025 Ausum
243 1969 321 2023 etiam
331 1971 453 2026 Hectoreo
462 1971 550 2026 solum
560 1987 714 2028 eoueurrere
723 1975 801 2030 Marti

129 2061 158 2100 se
167 2050 256 2116 putat,
276 2041 375 2098 oblitus
384 2045 523 2118 regisque,
544 2043 711 2116 ducumque,
733 2048 857 2121 meique;

131 2136 218 2175 nonus
228 2118 257 2173 iu
266 2116 362 2183 officio,
382 2126 408 2172 et
416 2117 549 2190 praelatus
560 2134 670 2174 munere
679 2123 768 2176 sortis.

130 2193 181 2250 Sed
193 2201 282 2248 tamen
292 2199 403 2247 eventus
413 2198 524 2257 vestrae,
546 2189 699 2260 fortissime,
718 2212 829 2268 pugnae

130 2269 192 2340 quis
204 2267 272 2323 tuit‘?
290 2268 383 2323 Hector
392 2266 447 2321 abit
457 2265 571 2321 violatus
581 2265 692 2322 vulnere
703 2267 788 2324 nullo.

77 2353 116 2395 280
131 2344 172 2398 lde
182 2344 321 2408 miserum,
333 2340 433 2415 quanto
442 2357 521 2414 cogor
530 2341 684 2397 meminisse
694 2341 784 2398 dolore

132 2418 257 2487 temporis
268 2417 351 2483 illius,
373 2433 436 2489 quo,
458 2416 568 2471 Graium
579 2433 684 2482 murus,
704 2415 824 2470 Achilles

121 2492 288 2556 procubuitl
309 2508 358 2547 uec
366 2509 410 2546 me
420 2489 542 2546 lacrimae
552 2491 693 2562 luctusque
703 2491 837 2560 timorque

114 2562 269 2636 tardarunt,
294 2567 364 2644 quin
375 2583 474 2643 corpus
484 2565 567 2625 humo
578 2563 694 2622 sublime
704 2561 829 2618 referrem
