1874 2940
157 140 207 199 214
348 144 376 190 1³.
397 143 522 191 ov1n11
540 141 707 189 NASONIS

104 261 143 306 555
158 246 196 303 nil
205 262 273 318 opus
283 252 331 310 eet,
352 242 482 310 Atalanta,
502 243 561 298 tibi.
591 243 665 316 Fuge
674 241 797 315 coniugis
806 261 899 300 usum.

158 324 212 377 Nec
220 319 441 394 tameneffiugies:
463 316 801 390 mqueipsavivaearehis.

158 397 258 454 Territa
270 403 338 453 serie
347 395 389 450 dei
399 411 446 465 per
455 409 549 464 opacas
561 391 663 447 innuba
674 389 756 446 silvae

157 473 238 530 vivit·
260 479 285 527 et
294 472 436 526 instantem
445 467 551 522 turbem
561 465 674 521 violenta
684 483 828 538 proeorum

158 546 307 605 conditione
317 544 407 616 fuget:
428 543 482 597 Nee
491 557 553 595 eum
562 540 699 612 potiunda,
720 541 784 606 nisi,
801 541 902 616 inquit,

105 636 144 679 555
159 625 228 679 vieta
238 622 314 693 prius
322 633 415 674 eursu.
445 615 561 670 Pedibus
570 616 718 671 eontendite
727 632 848 672 meeum.

160 696 278 753 Praemia
286 690 370 747 veloci
379 689 478 746 coniux
491 688 653 761 thalamique
662 688 812 758 dabuntur3

159 787 232 826 more
243 767 358 839 pretium
368 763 460 818 tardis.
489 763 529 818 Ea
538 762 581 819 lex
589 765 741 819 certaminis
750 773 815 820 estu.

160 845 208 900 Illa
217 840 326 913 quidem
334 837 460 893 immitia:
481 838 617 911 eed(tauta
626 837 875 917 potentiaformee)

160 917 234 972 venit
243 913 276 969 ad
285 914 355 969 haue
364 912 449 988 legem
458 914 595 969 temeraria
604 913 681 969 turba
693 930 849 985 procorum·

107 1006 147 1050 555
161 991 267 1047 Sederat
275 989 453 1061 Hippomenes
462 1005 557 1045 eureus
567 996 694 1062 spectator
703 989 808 1057 iniqui:

161 1075 195 1133 et,
214 1065 314 1121 Petitur
322 1065 449 1137 cuiquam
458 1081 505 1137 per
512 1070 584 1120 tenta
593 1063 709 1137 pericula
718 1065 839 1120 mniux‘?

160 1143 274 1198 dixerat:
296 1157 326 1195 ae
334 1139 432 1195 nimios
442 1139 572 1195 iuvenum
580 1139 718 1195 damnarat
728 1155 844 1196 amores.

159 1219 194 1274 Ut
204 1216 306 1281 faeiem,
326 1222 352 1271 et
360 1215 446 1288 posite
454 1232 550 1287 eorpus
561 1213 691 1271 velamine
699 1214 776 1279 vidit,

161 1293 241 1366 quale
249 1308 350 1357 meum,
371 1289 412 1346 vel
423 1290 502 1363 quale
511 1298 599 1357 tuum,
620 1289 826 1358 sifeminafias3

107 1382 146 1427 555
160 1367 308 1438 obstupuit,
329 1363 478 1437 tollensque
487 1383 592 1432 manus,
614 1364 752 1439 Ignoscite,
773 1364 853 1432 dixit,

162 1459 230 1516 quoe
240 1439 318 1495 modo
327 1438 448 1511 culpavi:
469 1440 589 1495 nondum
598 1440 666 1495 mihi
675 1440 792 1511 praemia
803 1449 876 1508 nota,

161 1532 231 1588 quae
240 1513 375 1585 peteretis,
396 1521 478 1569 erant.
509 1514 652 1571 Laudando
660 1513 775 1586 concipit
783 1515 892 1589 iguem

162 1597 196 1656 55,
218 1587 322 1660 nequis
332 1587 461 1643 iuvenum
474 1597 562 1644 currat
572 1589 696 1655 velocius,
717 1596 802 1661 optat:

161 1662 316 1736 invidiaque
324 1661 408 1718 timet.
438 1662 489 1718 Sed
498 1667 546 1719 eur
555 1665 706 1719 certaminis
714 1664 797 1719 huius

108 1753 147 1796 555
162 1741 288 1796 intentata
297 1737 664 1811 mihifoutunaraiinquitur‘?
682 1740 777 1810 iuquit.

163 1815 296 1870 Audentes
304 1813 371 1869 deus
381 1814 530 1886 ipeeiuvat.
560 1815 631 1868 Dum
643 1811 703 1867 talia
714 1829 804 1866 seeum

162 1889 244 1962 exigit
253 1889 444 1963 Hippomenes3
464 1886 626 1960 passutvolat
634 1885 695 1940 alite
703 1885 788 1954 virgo.
826 1937 829 1942 ,

161 1964 235 2031 Quae
243 1980 408 2036 quamquam
419 1962 540 2048 Scythica
549 1976 601 2014 nou
613 1957 722 2029 segnius
731 1955 769 2006 ire
781 1954 878 2026 sagitta

162 2038 247 2096 Aonio
256 2041 313 2094 visa
323 2048 363 2095 est
373 2038 476 2101 iuvem3
497 2029 640 2088 temenitis
652 2029 771 2080 decorem

109 2125 147 2169 555
162 2115 274 2170 miratur
285 2115 387 2188 magis:
406 2119 432 2167 et
440 2122 535 2164 eureus
545 2103 606 2187 facit
617 2101 675 2185 ipse
683 2098 811 2156 decorem.

163 2189 235 2246 Aura
244 2190 321 2245 refert
329 2187 415 2243 ablata
424 2182 483 2238 citis
493 2177 583 2233 telana
592 2173 705 2246 plantis:

162 2273 287 2339 tergaque
296 2253 517 2318 iactanturerines
525 2267 573 2323 per
582 2249 707 2319 eburnea,
726 2271 848 2328 quaeque

161 2339 307 2412 poplitibus
315 2335 443 2397 suberant
450 2327 520 2400 picto
529 2325 653 2400 genualia
662 2326 757 2387 limbo:

163 2416 246 2486 inque
254 2407 367 2484 puellari
376 2419 472 2475 corpus
482 2401 727 2462 eandorufflborem

110 2499 148 2542 555
162 2494 288 2543 traxerat:
298 2479 371 2539 haud
381 2478 465 2545 aliter,
470 2495 553 2552 quam
558 2497 644 2553 quum
653 2499 733 2555 super
742 2483 807 2538 atria
813 2480 904 2539 uelum

163 2561 274 2616 candida
282 2571 450 2631 purpureum
459 2554 574 2612 similem
584 2556 629 2612 dat
637 2565 663 2613 et
674 2559 758 2614 inficit
767 2557 902 2615 umbram.

153 2630 901 2709 Dumuotatheeehuspeedeeursauoaiesimametaest:
