<?xml version="1.0" encoding="UTF-8"?>
<!DOCTYPE html PUBLIC "-//W3C//DTD XHTML 1.0 Transitional//EN"
    "http://www.w3.org/TR/xhtml1/DTD/xhtml1-transitional.dtd">
<html xmlns="http://www.w3.org/1999/xhtml" xml:lang="en" lang="en">
 <head>
  <title>
</title>
<meta http-equiv="Content-Type" content="text/html;charset=utf-8" />
  <meta name='ocr-system' content='tesseract 3.04.00' />
  <meta name='ocr-capabilities' content='ocr_page ocr_carea ocr_par ocr_line ocrx_word'/>
</head>
<body>
  <div class='ocr_page' id='page_1' title='image "./povidiinasoniso01ovidgoog_0022.png"; bbox 0 0 1874 2940; ppageno 0'>
   <div class='ocr_carea' id='block_1_1' title="bbox 165 107 804 158">
    <p class='ocr_par' dir='ltr' id='par_1_1' title="bbox 165 107 804 158">
     <span class='ocr_line' id='line_1_1' title="bbox 165 107 804 158; baseline -0.002 -1"><span class='ocrx_word' id='word_1_1' title='bbox 165 107 547 158; x_wconf 70' lang='lat' dir='ltr'><strong>uuunnoul’flo&#39;snou</strong></span> <span class='ocrx_word' id='word_1_2' title='bbox 570 112 638 158; x_wconf 92' lang='lat' dir='ltr'>LIB.</span> <span class='ocrx_word' id='word_1_3' title='bbox 658 113 680 156; x_wconf 92' lang='lat'><strong>1.</strong></span> <span class='ocrx_word' id='word_1_4' title='bbox 789 107 804 156; x_wconf 88' lang='grc'><strong>9</strong></span> 
     </span>
    </p>
   </div>
   <div class='ocr_carea' id='block_1_2' title="bbox 59 209 860 2584">
    <p class='ocr_par' dir='ltr' id='par_1_2' title="bbox 59 209 860 2584">
     <span class='ocr_line' id='line_1_2' title="bbox 59 209 701 283; baseline -0.005 -15"><span class='ocrx_word' id='word_1_5' title='bbox 59 210 188 276; x_wconf 74' lang='lat' dir='ltr'>exululat,</span> <span class='ocrx_word' id='word_1_6' title='bbox 208 209 359 283; x_wconf 77' lang='lat' dir='ltr'><strong>frustraque</strong></span> <span class='ocrx_word' id='word_1_7' title='bbox 370 210 443 283; x_wconf 92' lang='lat' dir='ltr'><strong>loqui</strong></span> <span class='ocrx_word' id='word_1_8' title='bbox 453 218 576 267; x_wconf 83' lang='lat' dir='ltr'><strong>conetur:</strong></span> <span class='ocrx_word' id='word_1_9' title='bbox 598 211 701 282; x_wconf 79' lang='lat' dir='ltr'><strong>abipso</strong></span> 
     </span>
     <span class='ocr_line' id='line_1_3' title="bbox 59 285 720 359; baseline -0.006 -17"><span class='ocrx_word' id='word_1_10' title='bbox 59 286 199 359; x_wconf 81' lang='lat' dir='ltr'><strong>oolligitoe</strong></span> <span class='ocrx_word' id='word_1_11' title='bbox 210 285 321 351; x_wconf 77' lang='lat' dir='ltr'><strong>rabiem,</strong></span> <span class='ocrx_word' id='word_1_12' title='bbox 342 285 487 358; x_wconf 75' lang='lat' dir='ltr'><strong>solitaeque</strong></span> <span class='ocrx_word' id='word_1_13' title='bbox 496 285 622 356; x_wconf 86' lang='lat' dir='ltr'><strong>cupidine</strong></span> <span class='ocrx_word' id='word_1_14' title='bbox 632 285 720 340; x_wconf 84' lang='lat' dir='ltr'><strong>caedis</strong></span> 
     </span>
     <span class='ocr_line' id='line_1_4' title="bbox 59 359 785 488; baseline 0 -73"><span class='ocrx_word' id='word_1_15' title='bbox 59 362 171 416; x_wconf 82' lang='lat' dir='ltr'><strong>vertitur</strong></span> <span class='ocrx_word' id='word_1_16' title='bbox 191 359 220 415; x_wconf 89' lang='lat' dir='ltr'><strong>in</strong></span> <span class='ocrx_word' id='word_1_17' title='bbox 239 359 368 432; x_wconf 87' lang='lat' dir='ltr'><strong>pecudes,</strong></span> <span class='ocrx_word' id='word_1_18' title='bbox 393 368 419 415; x_wconf 88' lang='lat' dir='ltr'><strong>ot</strong></span> <span class='ocrx_word' id='word_1_19' title='bbox 437 378 510 416; x_wconf 88' lang='lat' dir='ltr'><strong>nuno</strong></span> <span class='ocrx_word' id='word_1_20' title='bbox 527 377 635 433; x_wconf 92' lang='lat' dir='ltr'><strong>quoque</strong></span> <span class='ocrx_word' id='word_1_21' title='bbox 647 360 785 488; x_wconf 52' lang='lat' dir='ltr'><strong>Sanguine</strong></span> 
     </span>
     <span class='ocr_line' id='line_1_5' title="bbox 612 441 858 489; baseline -0.004 0"><span class='ocrx_word' id='word_1_22' title='bbox 612 451 646 489; x_wconf 83' lang='lat' dir='ltr'><strong>ou</strong></span> <span class='ocrx_word' id='word_1_23' title='bbox 665 441 700 489; x_wconf 86' lang='lat' dir='ltr'><strong>et.</strong></span> <span class='ocrx_word' id='word_1_24' title='bbox 820 445 858 488; x_wconf 78' lang='lat'><strong>235</strong></span> 
     </span>
     <span class='ocr_line' id='line_1_6' title="bbox 60 451 638 573; baseline -0.002 -9"><span class='ocrx_word' id='word_1_25' title='bbox 60 511 91 564; x_wconf 87' lang='lat' dir='ltr'><strong>ln</strong></span> <span class='ocrx_word' id='word_1_26' title='bbox 100 507 179 564; x_wconf 82' lang='lat' dir='ltr'><strong>villos</strong></span> <span class='ocrx_word' id='word_1_27' title='bbox 189 508 392 573; x_wconf 82' lang='lat' dir='ltr'><strong>abeuntvestee,</strong></span> <span class='ocrx_word' id='word_1_28' title='bbox 412 508 441 563; x_wconf 92' lang='lat' dir='ltr'><strong>in</strong></span> <span class='ocrx_word' id='word_1_29' title='bbox 451 525 528 563; x_wconf 83' lang='lat' dir='ltr'><strong>crura</strong></span> <span class='ocrx_word' id='word_1_30' title='bbox 539 451 638 564; x_wconf 69' lang='lat' dir='ltr'><strong>locelli.</strong></span> 
     </span>
     <span class='ocr_line' id='line_1_7' title="bbox 60 580 693 656; baseline -0.002 -18"><span class='ocrx_word' id='word_1_31' title='bbox 60 584 104 638; x_wconf 82' lang='lat' dir='ltr'><strong>Fit</strong></span> <span class='ocrx_word' id='word_1_32' title='bbox 112 582 203 654; x_wconf 81' lang='lat' dir='ltr'><strong>lupus,</strong></span> <span class='ocrx_word' id='word_1_33' title='bbox 223 590 249 638; x_wconf 91' lang='lat' dir='ltr'><strong>et</strong></span> <span class='ocrx_word' id='word_1_34' title='bbox 258 583 354 640; x_wconf 75' lang='lat' dir='ltr'><strong>veteris</strong></span> <span class='ocrx_word' id='word_1_35' title='bbox 364 583 572 656; x_wconf 83' lang='lat' dir='ltr'><strong>servetveetigin</strong></span> <span class='ocrx_word' id='word_1_36' title='bbox 584 580 693 637; x_wconf 74' lang='lat' dir='ltr'><strong>formae.</strong></span> 
     </span>
     <span class='ocr_line' id='line_1_8' title="bbox 59 656 683 723; baseline -0.003 -9"><span class='ocrx_word' id='word_1_37' title='bbox 59 657 176 714; x_wconf 81' lang='lat' dir='ltr'>Canities</span> <span class='ocrx_word' id='word_1_38' title='bbox 186 657 277 714; x_wconf 84' lang='lat' dir='ltr'><strong>endem</strong></span> <span class='ocrx_word' id='word_1_39' title='bbox 287 664 336 723; x_wconf 86' lang='lat' dir='ltr'><strong>eet,</strong></span> <span class='ocrx_word' id='word_1_40' title='bbox 357 657 448 712; x_wconf 80' lang='lat' dir='ltr'><strong>eadem</strong></span> <span class='ocrx_word' id='word_1_41' title='bbox 457 656 582 713; x_wconf 79' lang='lat' dir='ltr'><strong>violentie</strong></span> <span class='ocrx_word' id='word_1_42' title='bbox 591 656 683 712; x_wconf 79' lang='lat' dir='ltr'><strong>vultu:</strong></span> 
     </span>
     <span class='ocr_line' id='line_1_9' title="bbox 60 730 726 804; baseline -0.002 -18"><span class='ocrx_word' id='word_1_43' title='bbox 60 731 141 786; x_wconf 85' lang='lat' dir='ltr'><strong>iidem</strong></span> <span class='ocrx_word' id='word_1_44' title='bbox 150 730 221 788; x_wconf 90' lang='lat' dir='ltr'><strong>oouli</strong></span> <span class='ocrx_word' id='word_1_45' title='bbox 232 731 335 788; x_wconf 85' lang='lat' dir='ltr'><strong>luoent:</strong></span> <span class='ocrx_word' id='word_1_46' title='bbox 355 732 447 788; x_wconf 81' lang='lat' dir='ltr'><strong>eadem</strong></span> <span class='ocrx_word' id='word_1_47' title='bbox 459 731 570 786; x_wconf 77' lang='lat' dir='ltr'><strong>feritatis</strong></span> <span class='ocrx_word' id='word_1_48' title='bbox 579 732 668 804; x_wconf 79' lang='lat' dir='ltr'><strong>imago</strong></span> <span class='ocrx_word' id='word_1_49' title='bbox 677 738 726 786; x_wconf 69' lang='lat' dir='ltr'><strong>eet.</strong></span> 
     </span>
     <span class='ocr_line' id='line_1_10' title="bbox 60 805 859 876; baseline -0.006 -14"><span class='ocrx_word' id='word_1_50' title='bbox 60 805 162 862; x_wconf 81' lang='lat' dir='ltr'>Occidit</span> <span class='ocrx_word' id='word_1_51' title='bbox 169 824 224 862; x_wconf 84' lang='lat' dir='ltr'><strong>une</strong></span> <span class='ocrx_word' id='word_1_52' title='bbox 233 806 345 863; x_wconf 85' lang='lat' dir='ltr'><strong>domne:</strong></span> <span class='ocrx_word' id='word_1_53' title='bbox 366 806 412 862; x_wconf 85' lang='lat' dir='ltr'><strong>sed</strong></span> <span class='ocrx_word' id='word_1_54' title='bbox 423 824 477 862; x_wconf 92' lang='lat' dir='ltr'><strong>non</strong></span> <span class='ocrx_word' id='word_1_55' title='bbox 488 807 585 862; x_wconf 85' lang='lat' dir='ltr'><strong>domus</strong></span> <span class='ocrx_word' id='word_1_56' title='bbox 594 823 648 861; x_wconf 81' lang='lat' dir='ltr'><strong>una</strong></span> <span class='ocrx_word' id='word_1_57' title='bbox 658 805 744 876; x_wconf 87' lang='lat' dir='ltr'><strong>perire</strong></span> <span class='ocrx_word' id='word_1_58' title='bbox 820 812 859 859; x_wconf 72' lang='lat' dir='ltr'><strong>nlo</strong></span> 
     </span>
     <span class='ocr_line' id='line_1_11' title="bbox 59 880 778 954; baseline -0.004 -18"><span class='ocrx_word' id='word_1_59' title='bbox 59 880 216 954; x_wconf 78' lang='lat' dir='ltr'><strong>dignnluit3</strong></span> <span class='ocrx_word' id='word_1_60' title='bbox 236 889 463 954; x_wconf 81' lang='lat' dir='ltr'><strong>qunterrnpetet,</strong></span> <span class='ocrx_word' id='word_1_61' title='bbox 484 880 538 936; x_wconf 81' lang='lat' dir='ltr'><strong>lere</strong></span> <span class='ocrx_word' id='word_1_62' title='bbox 547 881 778 954; x_wconf 82' lang='lat' dir='ltr'><strong>regnntErinnye.</strong></span> 
     </span>
     <span class='ocr_line' id='line_1_12' title="bbox 59 955 704 1027; baseline 0.006 -18"><span class='ocrx_word' id='word_1_63' title='bbox 59 956 90 1010; x_wconf 88' lang='lat' dir='ltr'><strong>ln</strong></span> <span class='ocrx_word' id='word_1_64' title='bbox 99 955 203 1010; x_wconf 81' lang='lat' dir='ltr'><strong>lacinus</strong></span> <span class='ocrx_word' id='word_1_65' title='bbox 213 956 315 1012; x_wconf 78' lang='lat' dir='ltr'><strong>iurasse</strong></span> <span class='ocrx_word' id='word_1_66' title='bbox 324 963 412 1027; x_wconf 76' lang='lat' dir='ltr'><strong>putee.</strong></span> <span class='ocrx_word' id='word_1_67' title='bbox 442 956 704 1014; x_wconf 75' lang='lat' dir='ltr'><strong>Denlooiusomnee.</strong></span> 
     </span>
     <span class='ocr_line' id='line_1_13' title="bbox 59 1029 719 1104; baseline 0.002 -21"><span class='ocrx_word' id='word_1_68' title='bbox 59 1046 128 1102; x_wconf 81' lang='lat' dir='ltr'><strong>quos</strong></span> <span class='ocrx_word' id='word_1_69' title='bbox 139 1047 257 1086; x_wconf 85' lang='lat' dir='ltr'><strong>meruere</strong></span> <span class='ocrx_word' id='word_1_70' title='bbox 267 1032 321 1102; x_wconf 78' lang='lat' dir='ltr'><strong>pati</strong></span> <span class='ocrx_word' id='word_1_71' title='bbox 332 1031 382 1104; x_wconf 84' lang='lat' dir='ltr'><strong>(eie</strong></span> <span class='ocrx_word' id='word_1_72' title='bbox 390 1037 442 1086; x_wconf 79' lang='lat' dir='ltr'><strong>etot</strong></span> <span class='ocrx_word' id='word_1_73' title='bbox 451 1029 601 1102; x_wconf 58' lang='lat' dir='ltr'><strong>eontentio)</strong></span> <span class='ocrx_word' id='word_1_74' title='bbox 610 1046 719 1100; x_wconf 85' lang='lat' dir='ltr'><strong>poenas.</strong></span> 
     </span>
     <span class='ocr_line' id='line_1_14' title="bbox 96 1101 806 1176; baseline -0.001 -19"><span class='ocrx_word' id='word_1_75' title='bbox 96 1104 170 1158; x_wconf 85' lang='lat' dir='ltr'><strong>Dicta</strong></span> <span class='ocrx_word' id='word_1_76' title='bbox 183 1105 253 1160; x_wconf 80' lang='lat' dir='ltr'><strong>Iovio</strong></span> <span class='ocrx_word' id='word_1_77' title='bbox 270 1123 332 1176; x_wconf 84' lang='lat' dir='ltr'><strong>pers</strong></span> <span class='ocrx_word' id='word_1_78' title='bbox 348 1121 412 1160; x_wconf 86' lang='lat' dir='ltr'><strong>vooe</strong></span> <span class='ocrx_word' id='word_1_79' title='bbox 429 1104 556 1174; x_wconf 79' lang='lat' dir='ltr'><strong>probant,</strong></span> <span class='ocrx_word' id='word_1_80' title='bbox 576 1103 754 1176; x_wconf 86' lang='lat' dir='ltr'><strong>stimulosque</strong></span> <span class='ocrx_word' id='word_1_81' title='bbox 763 1101 806 1156; x_wconf 85' lang='lat' dir='ltr'><strong>lu-</strong></span> 
     </span>
     <span class='ocr_line' id='line_1_15' title="bbox 595 1177 664 1229; baseline 0.014 -1"><span class='ocrx_word' id='word_1_82' title='bbox 595 1177 664 1229; x_wconf 82' lang='lat' dir='ltr'><strong>renti</strong></span> 
     </span>
     <span class='ocr_line' id='line_1_16' title="bbox 60 1245 859 1318; baseline -0.003 -13"><span class='ocrx_word' id='word_1_83' title='bbox 60 1251 205 1305; x_wconf 79' lang='lat' dir='ltr'><strong>adiiciunt:</strong></span> <span class='ocrx_word' id='word_1_84' title='bbox 226 1249 271 1302; x_wconf 84' lang='lat' dir='ltr'><strong>olii</strong></span> <span class='ocrx_word' id='word_1_85' title='bbox 282 1254 369 1318; x_wconf 80' lang='lat' dir='ltr'><strong>partes</strong></span> <span class='ocrx_word' id='word_1_86' title='bbox 379 1246 535 1300; x_wconf 81' lang='lat' dir='ltr'><strong>assensibus</strong></span> <span class='ocrx_word' id='word_1_87' title='bbox 546 1245 666 1317; x_wconf 85' lang='lat' dir='ltr'><strong>implent.</strong></span> <span class='ocrx_word' id='word_1_88' title='bbox 821 1257 859 1303; x_wconf 71' lang='lat'><strong>245</strong></span> 
     </span>
     <span class='ocr_line' id='line_1_17' title="bbox 62 1318 651 1393; baseline 0 -18"><span class='ocrx_word' id='word_1_89' title='bbox 62 1325 111 1376; x_wconf 83' lang='lat' dir='ltr'><strong>Est</strong></span> <span class='ocrx_word' id='word_1_90' title='bbox 122 1329 211 1375; x_wconf 85' lang='lat' dir='ltr'><strong>tamen</strong></span> <span class='ocrx_word' id='word_1_91' title='bbox 221 1320 334 1375; x_wconf 74' lang='lat' dir='ltr'><strong>humani</strong></span> <span class='ocrx_word' id='word_1_92' title='bbox 344 1319 449 1393; x_wconf 78' lang='lat' dir='ltr'><strong>generis</strong></span> <span class='ocrx_word' id='word_1_93' title='bbox 460 1318 558 1374; x_wconf 81' lang='lat' dir='ltr'><strong>iactura</strong></span> <span class='ocrx_word' id='word_1_94' title='bbox 568 1319 651 1375; x_wconf 91' lang='lat' dir='ltr'><strong>dolori</strong></span> 
     </span>
     <span class='ocr_line' id='line_1_18' title="bbox 62 1394 749 1466; baseline 0.003 -14"><span class='ocrx_word' id='word_1_95' title='bbox 62 1394 205 1452; x_wconf 87' lang='lat' dir='ltr'><strong>omnibus:</strong></span> <span class='ocrx_word' id='word_1_96' title='bbox 225 1401 264 1461; x_wconf 84' lang='lat' dir='ltr'><strong>et,</strong></span> <span class='ocrx_word' id='word_1_97' title='bbox 285 1411 355 1466; x_wconf 81' lang='lat' dir='ltr'><strong>quoe</strong></span> <span class='ocrx_word' id='word_1_98' title='bbox 363 1394 399 1449; x_wconf 88' lang='lat' dir='ltr'><strong>sit</strong></span> <span class='ocrx_word' id='word_1_99' title='bbox 410 1401 493 1450; x_wconf 78' lang='lat' dir='ltr'><strong>terroe</strong></span> <span class='ocrx_word' id='word_1_100' title='bbox 501 1394 657 1452; x_wconf 78' lang='lat' dir='ltr'><strong>mortalibus</strong></span> <span class='ocrx_word' id='word_1_101' title='bbox 669 1395 749 1454; x_wconf 83' lang='lat' dir='ltr'><strong>orboe</strong></span> 
     </span>
     <span class='ocr_line' id='line_1_19' title="bbox 62 1467 735 1544; baseline 0.006 -20"><span class='ocrx_word' id='word_1_102' title='bbox 62 1467 260 1535; x_wconf 80' lang='lat' dir='ltr'><strong>lormnlulma,</strong></span> <span class='ocrx_word' id='word_1_103' title='bbox 280 1476 387 1544; x_wconf 80' lang='lat' dir='ltr'><strong>rogent:</strong></span> <span class='ocrx_word' id='word_1_104' title='bbox 408 1470 471 1542; x_wconf 89' lang='lat' dir='ltr'><strong>quis</strong></span> <span class='ocrx_word' id='word_1_105' title='bbox 481 1470 516 1526; x_wconf 86' lang='lat' dir='ltr'><strong>eit</strong></span> <span class='ocrx_word' id='word_1_106' title='bbox 524 1469 627 1528; x_wconf 79' lang='lat' dir='ltr'><strong>loturus</strong></span> <span class='ocrx_word' id='word_1_107' title='bbox 637 1472 665 1529; x_wconf 93' lang='lat' dir='ltr'><strong>in</strong></span> <span class='ocrx_word' id='word_1_108' title='bbox 676 1490 735 1528; x_wconf 81' lang='lat' dir='ltr'><strong>eres</strong></span> 
     </span>
     <span class='ocr_line' id='line_1_20' title="bbox 62 1543 735 1618; baseline 0.006 -19"><span class='ocrx_word' id='word_1_109' title='bbox 62 1553 135 1600; x_wconf 85' lang='lat' dir='ltr'><strong>tura:</strong></span> <span class='ocrx_word' id='word_1_110' title='bbox 156 1543 254 1600; x_wconf 85' lang='lat' dir='ltr'><strong>ferisne</strong></span> <span class='ocrx_word' id='word_1_111' title='bbox 262 1545 622 1618; x_wconf 82' lang='lat' dir='ltr'><strong>pnretpopulondeetrodere</strong></span> <span class='ocrx_word' id='word_1_112' title='bbox 634 1547 735 1605; x_wconf 73' lang='lat' dir='ltr'><strong>terres?</strong></span> 
     </span>
     <span class='ocr_line' id='line_1_21' title="bbox 61 1619 860 1696; baseline 0.004 -23"><span class='ocrx_word' id='word_1_113' title='bbox 61 1619 133 1675; x_wconf 78' lang='lat' dir='ltr'><strong>Talin</strong></span> <span class='ocrx_word' id='word_1_114' title='bbox 144 1628 300 1692; x_wconf 74' lang='lat' dir='ltr'>quaerentes</span> <span class='ocrx_word' id='word_1_115' title='bbox 308 1620 370 1694; x_wconf 85' lang='lat' dir='ltr'><strong>(eibi</strong></span> <span class='ocrx_word' id='word_1_116' title='bbox 381 1622 452 1677; x_wconf 87' lang='lat' dir='ltr'><strong>enim</strong></span> <span class='ocrx_word' id='word_1_117' title='bbox 462 1620 517 1678; x_wconf 85' lang='lat' dir='ltr'><strong>lore</strong></span> <span class='ocrx_word' id='word_1_118' title='bbox 526 1623 736 1696; x_wconf 65' lang='lat' dir='ltr'><strong>coelementato)</strong></span> <span class='ocrx_word' id='word_1_119' title='bbox 820 1635 860 1677; x_wconf 78' lang='lat'><strong>250</strong></span> 
     </span>
     <span class='ocr_line' id='line_1_22' title="bbox 61 1694 766 1770; baseline 0.003 -21"><span class='ocrx_word' id='word_1_120' title='bbox 61 1712 107 1749; x_wconf 86' lang='lat' dir='ltr'><strong>rex</strong></span> <span class='ocrx_word' id='word_1_121' title='bbox 117 1694 248 1767; x_wconf 83' lang='lat' dir='ltr'>Superum</span> <span class='ocrx_word' id='word_1_122' title='bbox 259 1695 390 1767; x_wconf 84' lang='lat' dir='ltr'><strong>trepidare</strong></span> <span class='ocrx_word' id='word_1_123' title='bbox 399 1703 482 1766; x_wconf 76' lang='lat' dir='ltr'><strong>vetet3</strong></span> <span class='ocrx_word' id='word_1_124' title='bbox 502 1696 674 1770; x_wconf 80' lang='lat' dir='ltr'><strong>sobolemque</strong></span> <span class='ocrx_word' id='word_1_125' title='bbox 684 1697 766 1770; x_wconf 83' lang='lat' dir='ltr'>priori</span> 
     </span>
     <span class='ocr_line' id='line_1_23' title="bbox 61 1768 673 1846; baseline 0.008 -24"><span class='ocrx_word' id='word_1_126' title='bbox 61 1768 220 1824; x_wconf 86' lang='lat' dir='ltr'><strong>dissimilem</strong></span> <span class='ocrx_word' id='word_1_127' title='bbox 229 1770 329 1842; x_wconf 91' lang='lat' dir='ltr'><strong>populo</strong></span> <span class='ocrx_word' id='word_1_128' title='bbox 338 1771 468 1842; x_wconf 78' lang='lat' dir='ltr'><strong>promittit</strong></span> <span class='ocrx_word' id='word_1_129' title='bbox 479 1771 582 1846; x_wconf 81' lang='lat' dir='ltr'><strong>origine</strong></span> <span class='ocrx_word' id='word_1_130' title='bbox 595 1773 673 1827; x_wconf 82' lang='lat' dir='ltr'><strong>miro.</strong></span> 
     </span>
     <span class='ocr_line' id='line_1_24' title="bbox 61 1843 734 1917; baseline 0.004 -20"><span class='ocrx_word' id='word_1_131' title='bbox 61 1843 170 1916; x_wconf 79' lang='lat' dir='ltr'><strong>Iamque</strong></span> <span class='ocrx_word' id='word_1_132' title='bbox 180 1852 235 1899; x_wconf 79' lang='lat' dir='ltr'><strong>erat</strong></span> <span class='ocrx_word' id='word_1_133' title='bbox 244 1845 273 1900; x_wconf 92' lang='lat' dir='ltr'><strong>in</strong></span> <span class='ocrx_word' id='word_1_134' title='bbox 283 1851 350 1900; x_wconf 81' lang='lat' dir='ltr'><strong>totae</strong></span> <span class='ocrx_word' id='word_1_135' title='bbox 360 1863 504 1917; x_wconf 81' lang='lat' dir='ltr'><strong>sparsurus</strong></span> <span class='ocrx_word' id='word_1_136' title='bbox 513 1845 628 1902; x_wconf 81' lang='lat' dir='ltr'><strong>fulmine</strong></span> <span class='ocrx_word' id='word_1_137' title='bbox 637 1855 734 1914; x_wconf 81' lang='lat' dir='ltr'><strong>terrae3</strong></span> 
     </span>
     <span class='ocr_line' id='line_1_25' title="bbox 61 1917 740 1984; baseline 0.003 -11"><span class='ocrx_word' id='word_1_138' title='bbox 61 1917 221 1984; x_wconf 57' lang='lat' dir='ltr'><strong>sodomum,</strong></span> <span class='ocrx_word' id='word_1_139' title='bbox 243 1936 277 1974; x_wconf 91' lang='lat' dir='ltr'><strong>ne</strong></span> <span class='ocrx_word' id='word_1_140' title='bbox 286 1917 351 1975; x_wconf 79' lang='lat' dir='ltr'><strong>forie</strong></span> <span class='ocrx_word' id='word_1_141' title='bbox 359 1921 539 1976; x_wconf 82' lang='lat' dir='ltr'><strong>eooertotnbi</strong></span> <span class='ocrx_word' id='word_1_142' title='bbox 579 1922 641 1977; x_wconf 88' lang='lat' dir='ltr'><strong>ibus</strong></span> <span class='ocrx_word' id='word_1_143' title='bbox 650 1921 740 1976; x_wconf 85' lang='lat' dir='ltr'><strong>aether</strong></span> 
     </span>
     <span class='ocr_line' id='line_1_26' title="bbox 60 1992 859 2067; baseline 0 -19"><span class='ocrx_word' id='word_1_144' title='bbox 60 1992 351 2066; x_wconf 71' lang='lat' dir='ltr'><strong>oonnipmfflnmmm,</strong></span> <span class='ocrx_word' id='word_1_145' title='bbox 371 2002 496 2067; x_wconf 87' lang='lat' dir='ltr'><strong>totusque</strong></span> <span class='ocrx_word' id='word_1_146' title='bbox 505 2013 535 2050; x_wconf 84' lang='lat' dir='ltr'><strong>ar</strong></span> <span class='ocrx_word' id='word_1_147' title='bbox 553 2003 651 2051; x_wconf 81' lang='lat' dir='ltr'><strong>esceret</strong></span> <span class='ocrx_word' id='word_1_148' title='bbox 662 1995 731 2050; x_wconf 83' lang='lat' dir='ltr'><strong>axis.</strong></span> <span class='ocrx_word' id='word_1_149' title='bbox 821 2002 859 2043; x_wconf 77' lang='lat'><strong>255</strong></span> 
     </span>
     <span class='ocr_line' id='line_1_27' title="bbox 59 2067 774 2141; baseline 0 -20"><span class='ocrx_word' id='word_1_150' title='bbox 59 2067 126 2122; x_wconf 86' lang='lat' dir='ltr'><strong>Esse</strong></span> <span class='ocrx_word' id='word_1_151' title='bbox 135 2086 243 2141; x_wconf 89' lang='lat' dir='ltr'><strong>quoque</strong></span> <span class='ocrx_word' id='word_1_152' title='bbox 252 2069 281 2124; x_wconf 92' lang='lat' dir='ltr'><strong>in</strong></span> <span class='ocrx_word' id='word_1_153' title='bbox 291 2068 351 2124; x_wconf 82' lang='lat' dir='ltr'><strong>latis</strong></span> <span class='ocrx_word' id='word_1_154' title='bbox 361 2071 550 2134; x_wconf 80' lang='lat' dir='ltr'><strong>reminiscitur,</strong></span> <span class='ocrx_word' id='word_1_155' title='bbox 571 2069 774 2138; x_wconf 81' lang='lat' dir='ltr'><strong>afforetempue,</strong></span> 
     </span>
     <span class='ocr_line' id='line_1_28' title="bbox 61 2141 731 2216; baseline -0.001 -20"><span class='ocrx_word' id='word_1_156' title='bbox 61 2159 210 2214; x_wconf 77' lang='lat' dir='ltr'><strong>quomam,</strong></span> <span class='ocrx_word' id='word_1_157' title='bbox 231 2160 286 2214; x_wconf 93' lang='lat' dir='ltr'><strong>quo</strong></span> <span class='ocrx_word' id='word_1_158' title='bbox 295 2142 383 2209; x_wconf 81' lang='lat' dir='ltr'><strong>tellus,</strong></span> <span class='ocrx_word' id='word_1_159' title='bbox 403 2152 575 2216; x_wconf 80' lang='lat' dir='ltr'><strong>oorreptaque</strong></span> <span class='ocrx_word' id='word_1_160' title='bbox 585 2143 656 2216; x_wconf 81' lang='lat' dir='ltr'><strong>regin</strong></span> <span class='ocrx_word' id='word_1_161' title='bbox 666 2141 731 2198; x_wconf 86' lang='lat' dir='ltr'><strong>coeli</strong></span> 
     </span>
     <span class='ocr_line' id='line_1_29' title="bbox 61 2215 648 2289; baseline -0.003 -18"><span class='ocrx_word' id='word_1_162' title='bbox 61 2215 163 2283; x_wconf 80' lang='lat' dir='ltr'><strong>ardeat,</strong></span> <span class='ocrx_word' id='word_1_163' title='bbox 184 2217 314 2273; x_wconf 81' lang='lat' dir='ltr'><strong>elmundi</strong></span> <span class='ocrx_word' id='word_1_164' title='bbox 325 2218 408 2275; x_wconf 89' lang='lat' dir='ltr'><strong>moles</strong></span> <span class='ocrx_word' id='word_1_165' title='bbox 417 2236 528 2289; x_wconf 83' lang='lat' dir='ltr'><strong>operosa</strong></span> <span class='ocrx_word' id='word_1_166' title='bbox 539 2217 648 2271; x_wconf 86' lang='lat' dir='ltr'><strong>laboret.</strong></span> 
     </span>
     <span class='ocr_line' id='line_1_30' title="bbox 62 2288 742 2363; baseline -0.009 -18"><span class='ocrx_word' id='word_1_167' title='bbox 62 2289 124 2345; x_wconf 82' lang='lat' dir='ltr'><strong>Tele</strong></span> <span class='ocrx_word' id='word_1_168' title='bbox 137 2300 303 2363; x_wconf 89' lang='lat' dir='ltr'><strong>reponuntur</strong></span> <span class='ocrx_word' id='word_1_169' title='bbox 312 2293 438 2347; x_wconf 82' lang='lat' dir='ltr'><strong>monibus</strong></span> <span class='ocrx_word' id='word_1_170' title='bbox 448 2291 573 2345; x_wconf 80' lang='lat' dir='ltr'><strong>fabricata</strong></span> <span class='ocrx_word' id='word_1_171' title='bbox 584 2288 742 2361; x_wconf 85' lang='lat' dir='ltr'><strong>Cyclopum.</strong></span> 
     </span>
     <span class='ocr_line' id='line_1_31' title="bbox 62 2358 860 2437; baseline -0.015 -18"><span class='ocrx_word' id='word_1_172' title='bbox 62 2366 371 2436; x_wconf 76' lang='lat' dir='ltr'><strong>Poennplneetdiversa3</strong></span> <span class='ocrx_word' id='word_1_173' title='bbox 392 2383 478 2437; x_wconf 82' lang='lat' dir='ltr'><strong>genus</strong></span> <span class='ocrx_word' id='word_1_174' title='bbox 488 2361 598 2418; x_wconf 84' lang='lat' dir='ltr'><strong>mortale</strong></span> <span class='ocrx_word' id='word_1_175' title='bbox 610 2362 662 2415; x_wconf 91' lang='lat' dir='ltr'><strong>sub</strong></span> <span class='ocrx_word' id='word_1_176' title='bbox 670 2358 752 2413; x_wconf 88' lang='lat' dir='ltr'><strong>undis</strong></span> <span class='ocrx_word' id='word_1_177' title='bbox 821 2367 860 2408; x_wconf 56' lang='lat' dir='ltr'><strong>ooo</strong></span> 
     </span>
     <span class='ocr_line' id='line_1_32' title="bbox 61 2432 698 2510; baseline -0.013 -17"><span class='ocrx_word' id='word_1_178' title='bbox 61 2439 180 2510; x_wconf 84' lang='lat' dir='ltr'><strong>perdere,</strong></span> <span class='ocrx_word' id='word_1_179' title='bbox 200 2447 226 2493; x_wconf 89' lang='lat' dir='ltr'><strong>et</strong></span> <span class='ocrx_word' id='word_1_180' title='bbox 235 2457 268 2494; x_wconf 84' lang='lat' dir='ltr'><strong>ex</strong></span> <span class='ocrx_word' id='word_1_181' title='bbox 277 2440 350 2495; x_wconf 92' lang='lat' dir='ltr'><strong>omni</strong></span> <span class='ocrx_word' id='word_1_182' title='bbox 361 2437 467 2492; x_wconf 87' lang='lat' dir='ltr'><strong>nimbos</strong></span> <span class='ocrx_word' id='word_1_183' title='bbox 477 2435 608 2489; x_wconf 78' lang='lat' dir='ltr'><strong>dimittere</strong></span> <span class='ocrx_word' id='word_1_184' title='bbox 617 2432 698 2487; x_wconf 76' lang='lat' dir='ltr'><strong>coelo.</strong></span> 
     </span>
     <span class='ocr_line' id='line_1_33' title="bbox 61 2505 730 2584; baseline -0.018 -16"><span class='ocrx_word' id='word_1_185' title='bbox 61 2514 186 2568; x_wconf 79' lang='lat' dir='ltr'><strong>Protinus</strong></span> <span class='ocrx_word' id='word_1_186' title='bbox 196 2511 295 2568; x_wconf 80' lang='lat' dir='ltr'><strong>Aeoliis</strong></span> <span class='ocrx_word' id='word_1_187' title='bbox 305 2511 468 2584; x_wconf 80' lang='lat' dir='ltr'><strong>Aquilonem</strong></span> <span class='ocrx_word' id='word_1_188' title='bbox 479 2506 622 2561; x_wconf 66' lang='lat' dir='ltr'><strong>olnurlilin</strong></span> <span class='ocrx_word' id='word_1_189' title='bbox 627 2505 730 2566; x_wconf 59' lang='lat' dir='ltr'><strong>omninx</strong></span> 
     </span>
    </p>
   </div>
   <div class='ocr_carea' id='block_1_3' title="bbox 59 2577 773 2665">
    <p class='ocr_par' dir='ltr' id='par_1_3' title="bbox 59 2577 773 2665">
     <span class='ocr_line' id='line_1_34' title="bbox 59 2577 773 2665; baseline -0.059 -4"><span class='ocrx_word' id='word_1_190' title='bbox 59 2595 85 2641; x_wconf 69' lang='lat'><strong>⁶²</strong></span> <span class='ocrx_word' id='word_1_191' title='bbox 93 2605 274 2663; x_wconf 69' lang='lat' dir='ltr'><strong>quaeeunque</strong></span> <span class='ocrx_word' id='word_1_192' title='bbox 284 2587 387 2665; x_wconf 69' lang='lat' dir='ltr'><strong>lugani</strong></span> <span class='ocrx_word' id='word_1_193' title='bbox 393 2585 527 2643; x_wconf 73' lang='lat' dir='ltr'><strong>inuuoiee</strong></span> <span class='ocrx_word' id='word_1_194' title='bbox 535 2579 657 2636; x_wconf 65' lang='lat' dir='ltr'><strong>lumime</strong></span> <span class='ocrx_word' id='word_1_195' title='bbox 661 2577 773 2628; x_wconf 57' lang='lat' dir='ltr'><strong>nummu</strong></span> 
     </span>
    </p>
   </div>
   <div class='ocr_carea' id='block_1_4' title="bbox 0 0 945 2940">
    <p class='ocr_par' dir='ltr' id='par_1_4' title="bbox 0 0 945 2940">
     <span class='ocr_line' id='line_1_35' title="bbox 0 0 945 2940; baseline 0 0"><span class='ocrx_word' id='word_1_196' title='bbox 0 0 945 2940; x_wconf 95' lang='lat' dir='ltr'><strong> </strong></span> 
     </span>
    </p>
   </div>
  </div>
 </body>
</html>
