<?xml version="1.0" encoding="UTF-8"?>
<!DOCTYPE html PUBLIC "-//W3C//DTD XHTML 1.0 Transitional//EN"
    "http://www.w3.org/TR/xhtml1/DTD/xhtml1-transitional.dtd">
<html xmlns="http://www.w3.org/1999/xhtml" xml:lang="en" lang="en">
 <head>
  <title>
</title>
<meta http-equiv="Content-Type" content="text/html;charset=utf-8" />
  <meta name='ocr-system' content='tesseract 3.04.00' />
  <meta name='ocr-capabilities' content='ocr_page ocr_carea ocr_par ocr_line ocrx_word'/>
</head>
<body>
  <div class='ocr_page' id='page_1' title='image "./povidiinasoniso01ovidgoog_0308.png"; bbox 0 0 1874 2940; ppageno 0'>
   <div class='ocr_carea' id='block_1_1' title="bbox 147 135 688 190">
    <p class='ocr_par' dir='ltr' id='par_1_1' title="bbox 147 135 688 190">
     <span class='ocr_line' id='line_1_1' title="bbox 147 135 688 190; baseline -0.004 0"><span class='ocrx_word' id='word_1_1' title='bbox 147 135 196 190; x_wconf 73' lang='lat' dir='ltr'><strong>3l0</strong></span> <span class='ocrx_word' id='word_1_2' title='bbox 330 144 357 190; x_wconf 88' lang='lat' dir='ltr'><strong>P.</strong></span> <span class='ocrx_word' id='word_1_3' title='bbox 378 142 504 190; x_wconf 81' lang='lat' dir='ltr'><strong>ovum</strong></span> <span class='ocrx_word' id='word_1_4' title='bbox 521 143 688 190; x_wconf 74' lang='lat' dir='ltr'>NASONIS</span> 
     </span>
    </p>
   </div>
   <div class='ocr_carea' id='block_1_2' title="bbox 93 241 895 2481">
    <p class='ocr_par' dir='ltr' id='par_1_2' title="bbox 93 241 893 617">
     <span class='ocr_line' id='line_1_2' title="bbox 93 241 747 317; baseline -0.005 -18"><span class='ocrx_word' id='word_1_5' title='bbox 93 255 132 299; x_wconf 86' lang='grc'><strong>555</strong></span> <span class='ocrx_word' id='word_1_6' title='bbox 146 242 273 299; x_wconf 78' lang='lat' dir='ltr'><strong>Aeacidae</strong></span> <span class='ocrx_word' id='word_1_7' title='bbox 282 241 394 299; x_wconf 78' lang='lat' dir='ltr'><strong>fecunda</strong></span> <span class='ocrx_word' id='word_1_8' title='bbox 406 244 455 300; x_wconf 83' lang='lat' dir='ltr'><strong>lui.</strong></span> <span class='ocrx_word' id='word_1_9' title='bbox 484 246 552 300; x_wconf 88' lang='lat' dir='ltr'><strong>lacet</strong></span> <span class='ocrx_word' id='word_1_10' title='bbox 561 242 626 299; x_wconf 87' lang='lat' dir='ltr'><strong>llion</strong></span> <span class='ocrx_word' id='word_1_11' title='bbox 638 244 747 317; x_wconf 81' lang='lat' dir='ltr'><strong>ingens:</strong></span> 
     </span>
     <span class='ocr_line' id='line_1_3' title="bbox 147 317 744 393; baseline 0 -21"><span class='ocrx_word' id='word_1_12' title='bbox 147 325 298 391; x_wconf 85' lang='lat' dir='ltr'><strong>eventuque</strong></span> <span class='ocrx_word' id='word_1_13' title='bbox 305 319 380 393; x_wconf 79' lang='lat' dir='ltr'><strong>gravi</strong></span> <span class='ocrx_word' id='word_1_14' title='bbox 391 319 466 375; x_wconf 85' lang='lat' dir='ltr'><strong>finita</strong></span> <span class='ocrx_word' id='word_1_15' title='bbox 475 327 515 374; x_wconf 82' lang='lat' dir='ltr'><strong>est</strong></span> <span class='ocrx_word' id='word_1_16' title='bbox 524 320 631 391; x_wconf 91' lang='lat' dir='ltr'><strong>publica</strong></span> <span class='ocrx_word' id='word_1_17' title='bbox 643 317 744 373; x_wconf 83' lang='lat' dir='ltr'>clades:</span> 
     </span>
     <span class='ocr_line' id='line_1_4' title="bbox 147 392 804 468; baseline 0.002 -21"><span class='ocrx_word' id='word_1_18' title='bbox 147 392 195 448; x_wconf 85' lang='lat' dir='ltr'><strong>sed</strong></span> <span class='ocrx_word' id='word_1_19' title='bbox 204 393 278 448; x_wconf 82' lang='lat' dir='ltr'><strong>finita</strong></span> <span class='ocrx_word' id='word_1_20' title='bbox 288 402 387 448; x_wconf 88' lang='lat' dir='ltr'><strong>tamen.</strong></span> <span class='ocrx_word' id='word_1_21' title='bbox 416 392 470 449; x_wconf 88' lang='lat' dir='ltr'><strong>Soli</strong></span> <span class='ocrx_word' id='word_1_22' title='bbox 480 394 547 447; x_wconf 90' lang='lat' dir='ltr'><strong>mihi</strong></span> <span class='ocrx_word' id='word_1_23' title='bbox 557 395 683 468; x_wconf 80' lang='lat' dir='ltr'><strong>Pergama</strong></span> <span class='ocrx_word' id='word_1_24' title='bbox 692 399 804 448; x_wconf 87' lang='lat' dir='ltr'><strong>restant:</strong></span> 
     </span>
     <span class='ocr_line' id='line_1_5' title="bbox 148 467 892 542; baseline 0.004 -20"><span class='ocrx_word' id='word_1_25' title='bbox 148 467 546 542; x_wconf 81' lang='lat' dir='ltr'><strong>incursuquemeusdolorest.</strong></span> <span class='ocrx_word' id='word_1_26' title='bbox 575 468 653 525; x_wconf 86' lang='lat' dir='ltr'><strong>Modo</strong></span> <span class='ocrx_word' id='word_1_27' title='bbox 662 468 779 522; x_wconf 83' lang='lat' dir='ltr'><strong>maxima</strong></span> <span class='ocrx_word' id='word_1_28' title='bbox 788 485 892 537; x_wconf 82' lang='lat' dir='ltr'><strong>rerum,</strong></span> 
     </span>
     <span class='ocr_line' id='line_1_6' title="bbox 148 543 893 617; baseline 0.003 -19"><span class='ocrx_word' id='word_1_29' title='bbox 148 551 185 598; x_wconf 89' lang='lat' dir='ltr'><strong>tot</strong></span> <span class='ocrx_word' id='word_1_30' title='bbox 193 545 298 617; x_wconf 81' lang='lat' dir='ltr'><strong>generis</strong></span> <span class='ocrx_word' id='word_1_31' title='bbox 309 544 432 613; x_wconf 89' lang='lat' dir='ltr'><strong>natisque</strong></span> <span class='ocrx_word' id='word_1_32' title='bbox 440 550 547 614; x_wconf 88' lang='lat' dir='ltr'><strong>potens,</strong></span> <span class='ocrx_word' id='word_1_33' title='bbox 569 543 746 614; x_wconf 84' lang='lat' dir='ltr'><strong>nuribusque,</strong></span> <span class='ocrx_word' id='word_1_34' title='bbox 766 543 893 616; x_wconf 84' lang='lat' dir='ltr'><strong>viroque,</strong></span> 
     </span>
    </p>

    <p class='ocr_par' dir='ltr' id='par_1_3' title="bbox 95 616 892 987">
     <span class='ocr_line' id='line_1_7' title="bbox 95 616 892 689; baseline 0.005 -18"><span class='ocrx_word' id='word_1_35' title='bbox 95 628 134 672; x_wconf 82' lang='grc'><strong>555</strong></span> <span class='ocrx_word' id='word_1_36' title='bbox 149 616 416 681; x_wconf 69' lang='lat' dir='ltr'><strong>nuncmahorexsul,</strong></span> <span class='ocrx_word' id='word_1_37' title='bbox 433 617 520 689; x_wconf 86' lang='lat' dir='ltr'><strong>inops,</strong></span> <span class='ocrx_word' id='word_1_38' title='bbox 534 616 646 671; x_wconf 87' lang='lat' dir='ltr'><strong>tumulis</strong></span> <span class='ocrx_word' id='word_1_39' title='bbox 656 616 749 671; x_wconf 84' lang='lat' dir='ltr'><strong>avulsa</strong></span> <span class='ocrx_word' id='word_1_40' title='bbox 758 634 892 685; x_wconf 88' lang='lat' dir='ltr'><strong>meorum,</strong></span> 
     </span>
     <span class='ocr_line' id='line_1_8' title="bbox 148 690 881 763; baseline 0.005 -17"><span class='ocrx_word' id='word_1_41' title='bbox 148 691 293 763; x_wconf 86' lang='lat' dir='ltr'><strong>Penelopae</strong></span> <span class='ocrx_word' id='word_1_42' title='bbox 303 709 419 746; x_wconf 87' lang='lat' dir='ltr'><strong>munus:</strong></span> <span class='ocrx_word' id='word_1_43' title='bbox 440 707 509 761; x_wconf 89' lang='lat' dir='ltr'><strong>quae</strong></span> <span class='ocrx_word' id='word_1_44' title='bbox 518 690 628 746; x_wconf 86' lang='lat' dir='ltr'><strong>madata</strong></span> <span class='ocrx_word' id='word_1_45' title='bbox 638 708 720 762; x_wconf 89' lang='lat' dir='ltr'><strong>pensa</strong></span> <span class='ocrx_word' id='word_1_46' title='bbox 730 692 881 750; x_wconf 87' lang='lat' dir='ltr'><strong>trahentem</strong></span> 
     </span>
     <span class='ocr_line' id='line_1_9' title="bbox 149 763 866 830; baseline 0.004 -10"><span class='ocrx_word' id='word_1_47' title='bbox 149 767 280 821; x_wconf 89' lang='lat' dir='ltr'><strong>matribus</strong></span> <span class='ocrx_word' id='word_1_48' title='bbox 288 763 429 820; x_wconf 81' lang='lat' dir='ltr'><strong>ostendens</strong></span> <span class='ocrx_word' id='word_1_49' title='bbox 439 765 544 830; x_wconf 87' lang='lat' dir='ltr'><strong>lthacis,</strong></span> <span class='ocrx_word' id='word_1_50' title='bbox 565 765 633 820; x_wconf 89' lang='lat' dir='ltr'><strong>Haec</strong></span> <span class='ocrx_word' id='word_1_51' title='bbox 641 767 758 822; x_wconf 78' lang='lat' dir='ltr'>Hectoris</span> <span class='ocrx_word' id='word_1_52' title='bbox 769 766 814 822; x_wconf 90' lang='lat' dir='ltr'><strong>illa</strong></span> <span class='ocrx_word' id='word_1_53' title='bbox 824 776 866 823; x_wconf 86' lang='lat' dir='ltr'><strong>est</strong></span> 
     </span>
     <span class='ocr_line' id='line_1_10' title="bbox 149 837 853 910; baseline 0.004 -16"><span class='ocrx_word' id='word_1_54' title='bbox 149 840 219 895; x_wconf 87' lang='lat' dir='ltr'><strong>clara</strong></span> <span class='ocrx_word' id='word_1_55' title='bbox 228 855 338 910; x_wconf 79' lang='lat' dir='ltr'><strong>parens:</strong></span> <span class='ocrx_word' id='word_1_56' title='bbox 360 837 424 893; x_wconf 90' lang='lat' dir='ltr'><strong>haee</strong></span> <span class='ocrx_word' id='word_1_57' title='bbox 434 846 483 903; x_wconf 79' lang='lat' dir='ltr'><strong>est,</strong></span> <span class='ocrx_word' id='word_1_58' title='bbox 503 839 585 905; x_wconf 85' lang='lat' dir='ltr'><strong>dicet,</strong></span> <span class='ocrx_word' id='word_1_59' title='bbox 605 840 733 896; x_wconf 83' lang='lat' dir='ltr'><strong>Priameia</strong></span> <span class='ocrx_word' id='word_1_60' title='bbox 744 843 853 897; x_wconf 82' lang='lat' dir='ltr'><strong>coniux.</strong></span> 
     </span>
     <span class='ocr_line' id='line_1_11' title="bbox 149 912 836 987; baseline 0 -17"><span class='ocrx_word' id='word_1_61' title='bbox 149 915 264 985; x_wconf 77' lang='lat' dir='ltr'><strong>Postque</strong></span> <span class='ocrx_word' id='word_1_62' title='bbox 273 919 311 967; x_wconf 89' lang='lat' dir='ltr'><strong>tot</strong></span> <span class='ocrx_word' id='word_1_63' title='bbox 320 912 432 969; x_wconf 89' lang='lat' dir='ltr'><strong>amissos</strong></span> <span class='ocrx_word' id='word_1_64' title='bbox 443 921 471 968; x_wconf 89' lang='lat' dir='ltr'><strong>tu</strong></span> <span class='ocrx_word' id='word_1_65' title='bbox 483 930 565 979; x_wconf 87' lang='lat' dir='ltr'><strong>nune,</strong></span> <span class='ocrx_word' id='word_1_66' title='bbox 585 932 654 987; x_wconf 86' lang='lat' dir='ltr'><strong>quae</strong></span> <span class='ocrx_word' id='word_1_67' title='bbox 664 915 720 972; x_wconf 88' lang='lat' dir='ltr'><strong>sola</strong></span> <span class='ocrx_word' id='word_1_68' title='bbox 730 917 836 972; x_wconf 77' lang='lat' dir='ltr'><strong>levabas</strong></span> 
     </span>
    </p>

    <p class='ocr_par' dir='ltr' id='par_1_4' title="bbox 97 986 722 1137">
     <span class='ocr_line' id='line_1_12' title="bbox 97 986 704 1062; baseline 0.003 -19"><span class='ocrx_word' id='word_1_69' title='bbox 97 1001 136 1044; x_wconf 81' lang='grc'><strong>555</strong></span> <span class='ocrx_word' id='word_1_70' title='bbox 151 996 284 1044; x_wconf 87' lang='lat' dir='ltr'><strong>maternos</strong></span> <span class='ocrx_word' id='word_1_71' title='bbox 294 986 396 1053; x_wconf 85' lang='lat' dir='ltr'><strong>luctus,</strong></span> <span class='ocrx_word' id='word_1_72' title='bbox 416 986 522 1045; x_wconf 90' lang='lat' dir='ltr'><strong>hostilia</strong></span> <span class='ocrx_word' id='word_1_73' title='bbox 531 990 609 1045; x_wconf 86' lang='lat' dir='ltr'><strong>busta</strong></span> <span class='ocrx_word' id='word_1_74' title='bbox 619 991 704 1062; x_wconf 77' lang='lat' dir='ltr'><strong>piasti-</strong></span> 
     </span>
     <span class='ocr_line' id='line_1_13' title="bbox 149 1062 722 1137; baseline 0.002 -19"><span class='ocrx_word' id='word_1_75' title='bbox 149 1062 337 1120; x_wconf 85' lang='lat' dir='ltr'><strong>lalcriashosti</strong></span> <span class='ocrx_word' id='word_1_76' title='bbox 347 1064 446 1137; x_wconf 81' lang='lat' dir='ltr'>peperi.</span> <span class='ocrx_word' id='word_1_77' title='bbox 475 1063 533 1132; x_wconf 86' lang='lat' dir='ltr'><strong>Ouo</strong></span> <span class='ocrx_word' id='word_1_78' title='bbox 542 1063 624 1120; x_wconf 78' lang='lat' dir='ltr'><strong>ferrea</strong></span> <span class='ocrx_word' id='word_1_79' title='bbox 634 1063 722 1121; x_wconf 80' lang='lat' dir='ltr'><strong>restol</strong></span> 
     </span>
    </p>

    <p class='ocr_par' dir='ltr' id='par_1_5' title="bbox 150 1138 895 1364">
     <span class='ocr_line' id='line_1_14' title="bbox 169 1138 895 1207; baseline 0 -14"><span class='ocrx_word' id='word_1_80' title='bbox 169 1138 251 1194; x_wconf 89' lang='lat' dir='ltr'><strong>uidve</strong></span> <span class='ocrx_word' id='word_1_81' title='bbox 260 1138 368 1194; x_wconf 73' lang='lat' dir='ltr'><strong>moror?</strong></span> <span class='ocrx_word' id='word_1_82' title='bbox 386 1138 445 1207; x_wconf 89' lang='lat' dir='ltr'><strong>Quo</strong></span> <span class='ocrx_word' id='word_1_83' title='bbox 454 1157 497 1195; x_wconf 89' lang='lat' dir='ltr'><strong>ma</strong></span> <span class='ocrx_word' id='word_1_84' title='bbox 506 1157 606 1206; x_wconf 82' lang='lat' dir='ltr'><strong>servas,</strong></span> <span class='ocrx_word' id='word_1_85' title='bbox 618 1141 744 1195; x_wconf 87' lang='lat' dir='ltr'><strong>damnosa</strong></span> <span class='ocrx_word' id='word_1_86' title='bbox 754 1140 895 1195; x_wconf 74' lang='lat' dir='ltr'><strong>senectus?</strong></span> 
     </span>
     <span class='ocr_line' id='line_1_15' title="bbox 150 1157 860 1288; baseline -0.001 -19"><span class='ocrx_word' id='word_1_87' title='bbox 150 1157 230 1282; x_wconf 52' lang='lat' dir='ltr'><strong>zaid,</strong></span> <span class='ocrx_word' id='word_1_88' title='bbox 251 1213 279 1270; x_wconf 88' lang='lat' dir='ltr'><strong>dl</strong></span> <span class='ocrx_word' id='word_1_89' title='bbox 287 1213 416 1281; x_wconf 85' lang='lat' dir='ltr'><strong>crudeles,</strong></span> <span class='ocrx_word' id='word_1_90' title='bbox 439 1215 490 1270; x_wconf 86' lang='lat' dir='ltr'><strong>nisi</strong></span> <span class='ocrx_word' id='word_1_91' title='bbox 501 1233 556 1288; x_wconf 87' lang='lat' dir='ltr'><strong>quo</strong></span> <span class='ocrx_word' id='word_1_92' title='bbox 566 1232 633 1272; x_wconf 81' lang='lat' dir='ltr'><strong>nova</strong></span> <span class='ocrx_word' id='word_1_93' title='bbox 643 1214 735 1270; x_wconf 83' lang='lat' dir='ltr'><strong>lunera</strong></span> <span class='ocrx_word' id='word_1_94' title='bbox 744 1231 860 1280; x_wconf 82' lang='lat' dir='ltr'><strong>cernam,</strong></span> 
     </span>
     <span class='ocr_line' id='line_1_16' title="bbox 150 1287 801 1364; baseline -0.005 -19"><span class='ocrx_word' id='word_1_95' title='bbox 150 1290 271 1346; x_wconf 77' lang='lat' dir='ltr'><strong>vivacem</strong></span> <span class='ocrx_word' id='word_1_96' title='bbox 280 1288 391 1345; x_wconf 77' lang='lat' dir='ltr'><strong>differtis</strong></span> <span class='ocrx_word' id='word_1_97' title='bbox 401 1287 504 1346; x_wconf 73' lang='lat' dir='ltr'><strong>anum?</strong></span> <span class='ocrx_word' id='word_1_98' title='bbox 530 1289 597 1357; x_wconf 82' lang='lat' dir='ltr'><strong>Quis</strong></span> <span class='ocrx_word' id='word_1_99' title='bbox 607 1306 686 1364; x_wconf 88' lang='lat' dir='ltr'><strong>posse</strong></span> <span class='ocrx_word' id='word_1_100' title='bbox 698 1295 801 1361; x_wconf 84' lang='lat' dir='ltr'><strong>putaret</strong></span> 
     </span>
    </p>

    <p class='ocr_par' dir='ltr' id='par_1_6' title="bbox 97 1363 876 1589">
     <span class='ocr_line' id='line_1_17' title="bbox 97 1363 827 1439; baseline 0 -21"><span class='ocrx_word' id='word_1_101' title='bbox 97 1375 136 1419; x_wconf 81' lang='lat'><strong>520</strong></span> <span class='ocrx_word' id='word_1_102' title='bbox 150 1364 253 1421; x_wconf 80' lang='lat' dir='ltr'><strong>felicem</strong></span> <span class='ocrx_word' id='word_1_103' title='bbox 261 1365 409 1432; x_wconf 83' lang='lat' dir='ltr'><strong>Priamum,</strong></span> <span class='ocrx_word' id='word_1_104' title='bbox 429 1365 585 1438; x_wconf 75' lang='lat' dir='ltr'><strong>postdiruta</strong></span> <span class='ocrx_word' id='word_1_105' title='bbox 596 1366 734 1439; x_wconf 79' lang='lat' dir='ltr'><strong>Pergama,</strong></span> <span class='ocrx_word' id='word_1_106' title='bbox 754 1363 827 1418; x_wconf 87' lang='lat' dir='ltr'><strong>dici‘l</strong></span> 
     </span>
     <span class='ocr_line' id='line_1_18' title="bbox 150 1439 876 1510; baseline 0.003 -16"><span class='ocrx_word' id='word_1_107' title='bbox 150 1439 226 1494; x_wconf 86' lang='lat' dir='ltr'><strong>Felix</strong></span> <span class='ocrx_word' id='word_1_108' title='bbox 235 1448 318 1495; x_wconf 87' lang='lat' dir='ltr'><strong>morte</strong></span> <span class='ocrx_word' id='word_1_109' title='bbox 328 1457 377 1495; x_wconf 86' lang='lat' dir='ltr'><strong>sua</strong></span> <span class='ocrx_word' id='word_1_110' title='bbox 386 1448 439 1509; x_wconf 81' lang='lat' dir='ltr'><strong>est3</strong></span> <span class='ocrx_word' id='word_1_111' title='bbox 461 1447 552 1506; x_wconf 83' lang='lat' dir='ltr'><strong>necta,</strong></span> <span class='ocrx_word' id='word_1_112' title='bbox 573 1447 710 1504; x_wconf 80' lang='lat' dir='ltr'><strong>masnata,</strong></span> <span class='ocrx_word' id='word_1_113' title='bbox 732 1447 876 1510; x_wconf 87' lang='lat' dir='ltr'><strong>peremtam</strong></span> 
     </span>
     <span class='ocr_line' id='line_1_19' title="bbox 151 1512 818 1589; baseline 0 -20"><span class='ocrx_word' id='word_1_114' title='bbox 151 1512 273 1585; x_wconf 76' lang='lat' dir='ltr'><strong>adspicit,</strong></span> <span class='ocrx_word' id='word_1_115' title='bbox 293 1515 409 1569; x_wconf 84' lang='lat' dir='ltr'><strong>etvitam</strong></span> <span class='ocrx_word' id='word_1_116' title='bbox 419 1517 516 1587; x_wconf 85' lang='lat' dir='ltr'><strong>pariter</strong></span> <span class='ocrx_word' id='word_1_117' title='bbox 526 1533 693 1589; x_wconf 77' lang='lat' dir='ltr'><strong>regnumque</strong></span> <span class='ocrx_word' id='word_1_118' title='bbox 702 1514 818 1586; x_wconf 88' lang='lat' dir='ltr'><strong>reliquit.</strong></span> 
     </span>
    </p>

    <p class='ocr_par' dir='ltr' id='par_1_7' title="bbox 151 1587 813 1738">
     <span class='ocr_line' id='line_1_20' title="bbox 151 1587 787 1664; baseline -0.002 -19"><span class='ocrx_word' id='word_1_119' title='bbox 151 1588 199 1655; x_wconf 76' lang='lat' dir='ltr'><strong>Aa,</strong></span> <span class='ocrx_word' id='word_1_120' title='bbox 219 1595 294 1660; x_wconf 89' lang='lat' dir='ltr'><strong>puto,</strong></span> <span class='ocrx_word' id='word_1_121' title='bbox 315 1587 595 1656; x_wconf 74' lang='lat' dir='ltr'><strong>mneribusdotabere,</strong></span> <span class='ocrx_word' id='word_1_122' title='bbox 616 1591 688 1664; x_wconf 80' lang='lat' dir='ltr'><strong>regia</strong></span> <span class='ocrx_word' id='word_1_123' title='bbox 696 1590 787 1662; x_wconf 80' lang='lat' dir='ltr'><strong>virge;</strong></span> 
     </span>
     <span class='ocr_line' id='line_1_21' title="bbox 151 1663 813 1738; baseline -0.003 -19"><span class='ocrx_word' id='word_1_124' title='bbox 151 1663 332 1738; x_wconf 89' lang='lat' dir='ltr'><strong>condeturque</strong></span> <span class='ocrx_word' id='word_1_125' title='bbox 341 1671 419 1720; x_wconf 91' lang='lat' dir='ltr'><strong>tuum</strong></span> <span class='ocrx_word' id='word_1_126' title='bbox 428 1665 610 1721; x_wconf 88' lang='lat' dir='ltr'><strong>monumentis</strong></span> <span class='ocrx_word' id='word_1_127' title='bbox 620 1681 716 1738; x_wconf 88' lang='lat' dir='ltr'><strong>eorpus</strong></span> <span class='ocrx_word' id='word_1_128' title='bbox 726 1664 813 1720; x_wconf 87' lang='lat' dir='ltr'><strong>avitis.</strong></span> 
     </span>
    </p>

    <p class='ocr_par' dir='ltr' id='par_1_8' title="bbox 98 1739 877 2112">
     <span class='ocr_line' id='line_1_22' title="bbox 98 1739 877 1797; baseline 0.003 -5"><span class='ocrx_word' id='word_1_129' title='bbox 98 1749 136 1792; x_wconf 74' lang='lat'><strong>525</strong></span> <span class='ocrx_word' id='word_1_130' title='bbox 151 1739 210 1794; x_wconf 90' lang='lat' dir='ltr'><strong>Non</strong></span> <span class='ocrx_word' id='word_1_131' title='bbox 219 1739 284 1794; x_wconf 90' lang='lat' dir='ltr'><strong>haec</strong></span> <span class='ocrx_word' id='word_1_132' title='bbox 293 1746 333 1794; x_wconf 90' lang='lat' dir='ltr'><strong>est</strong></span> <span class='ocrx_word' id='word_1_133' title='bbox 341 1739 445 1796; x_wconf 83' lang='lat' dir='ltr'><strong>fortuna</strong></span> <span class='ocrx_word' id='word_1_134' title='bbox 455 1739 562 1797; x_wconf 69' lang='grc'>(155555.</span> <span class='ocrx_word' id='word_1_135' title='bbox 590 1739 652 1796; x_wconf 87' lang='lat' dir='ltr'><strong>Tibi</strong></span> <span class='ocrx_word' id='word_1_136' title='bbox 662 1756 773 1796; x_wconf 86' lang='lat' dir='ltr'><strong>munera</strong></span> <span class='ocrx_word' id='word_1_137' title='bbox 783 1741 877 1794; x_wconf 86' lang='lat' dir='ltr'><strong>matris</strong></span> 
     </span>
     <span class='ocr_line' id='line_1_23' title="bbox 152 1813 865 1892; baseline 0.001 -25"><span class='ocrx_word' id='word_1_138' title='bbox 152 1813 401 1886; x_wconf 78' lang='lat' dir='ltr'><strong>contingentlletus,</strong></span> <span class='ocrx_word' id='word_1_139' title='bbox 422 1818 630 1892; x_wconf 81' lang='lat' dir='ltr'><strong>peregrinaeque</strong></span> <span class='ocrx_word' id='word_1_140' title='bbox 639 1817 752 1872; x_wconf 86' lang='lat' dir='ltr'><strong>haustus</strong></span> <span class='ocrx_word' id='word_1_141' title='bbox 762 1831 865 1869; x_wconf 81' lang='lat' dir='ltr'><strong>arenae,</strong></span> 
     </span>
     <span class='ocr_line' id='line_1_24' title="bbox 152 1885 870 1963; baseline 0.006 -21"><span class='ocrx_word' id='word_1_142' title='bbox 152 1885 249 1942; x_wconf 88' lang='lat' dir='ltr'><strong>Omnia</strong></span> <span class='ocrx_word' id='word_1_143' title='bbox 258 1888 437 1957; x_wconf 87' lang='lat' dir='ltr'><strong>perdidimus:</strong></span> <span class='ocrx_word' id='word_1_144' title='bbox 458 1900 588 1963; x_wconf 84' lang='lat' dir='ltr'><strong>superest,</strong></span> <span class='ocrx_word' id='word_1_145' title='bbox 608 1893 870 1962; x_wconf 82' lang='lat' dir='ltr'><strong>curviveretempus</strong></span> 
     </span>
     <span class='ocr_line' id='line_1_25' title="bbox 153 1961 806 2038; baseline 0.006 -22"><span class='ocrx_word' id='word_1_146' title='bbox 153 1963 182 2017; x_wconf 90' lang='lat' dir='ltr'><strong>in</strong></span> <span class='ocrx_word' id='word_1_147' title='bbox 195 1961 275 2015; x_wconf 89' lang='lat' dir='ltr'><strong>breve</strong></span> <span class='ocrx_word' id='word_1_148' title='bbox 284 1962 441 2028; x_wconf 87' lang='lat' dir='ltr'><strong>sustineam,</strong></span> <span class='ocrx_word' id='word_1_149' title='bbox 462 1965 549 2035; x_wconf 87' lang='lat' dir='ltr'><strong>proles</strong></span> <span class='ocrx_word' id='word_1_150' title='bbox 558 1965 709 2038; x_wconf 84' lang='lat' dir='ltr'><strong>gratissima</strong></span> <span class='ocrx_word' id='word_1_151' title='bbox 718 1966 806 2033; x_wconf 90' lang='lat' dir='ltr'><strong>matri,</strong></span> 
     </span>
     <span class='ocr_line' id='line_1_26' title="bbox 153 2033 838 2112; baseline 0.004 -20"><span class='ocrx_word' id='word_1_152' title='bbox 153 2033 319 2101; x_wconf 87' lang='lat' dir='ltr'><strong>nunesolus,</strong></span> <span class='ocrx_word' id='word_1_153' title='bbox 340 2037 475 2108; x_wconf 91' lang='lat' dir='ltr'><strong>quondam</strong></span> <span class='ocrx_word' id='word_1_154' title='bbox 485 2039 616 2093; x_wconf 87' lang='lat' dir='ltr'><strong>minimus</strong></span> <span class='ocrx_word' id='word_1_155' title='bbox 625 2038 658 2093; x_wconf 90' lang='lat' dir='ltr'><strong>de</strong></span> <span class='ocrx_word' id='word_1_156' title='bbox 667 2040 747 2112; x_wconf 86' lang='lat' dir='ltr'><strong>stirpe</strong></span> <span class='ocrx_word' id='word_1_157' title='bbox 758 2041 838 2105; x_wconf 88' lang='lat' dir='ltr'><strong>virili,</strong></span> 
     </span>
    </p>

    <p class='ocr_par' dir='ltr' id='par_1_9' title="bbox 99 2110 751 2188">
     <span class='ocr_line' id='line_1_27' title="bbox 99 2110 751 2188; baseline 0.003 -20"><span class='ocrx_word' id='word_1_158' title='bbox 99 2125 137 2169; x_wconf 81' lang='grc'><strong>535</strong></span> <span class='ocrx_word' id='word_1_159' title='bbox 153 2114 202 2168; x_wconf 91' lang='lat' dir='ltr'><strong>has</strong></span> <span class='ocrx_word' id='word_1_160' title='bbox 212 2110 290 2167; x_wconf 88' lang='lat' dir='ltr'><strong>datus</strong></span> <span class='ocrx_word' id='word_1_161' title='bbox 300 2110 410 2167; x_wconf 88' lang='lat' dir='ltr'><strong>Ismario</strong></span> <span class='ocrx_word' id='word_1_162' title='bbox 419 2113 475 2187; x_wconf 83' lang='lat' dir='ltr'><strong>regi</strong></span> <span class='ocrx_word' id='word_1_163' title='bbox 484 2113 632 2188; x_wconf 80' lang='lat' dir='ltr'>Polydorus</span> <span class='ocrx_word' id='word_1_164' title='bbox 642 2113 670 2169; x_wconf 88' lang='lat' dir='ltr'><strong>in</strong></span> <span class='ocrx_word' id='word_1_165' title='bbox 682 2132 751 2170; x_wconf 87' lang='lat' dir='ltr'><strong>oras.</strong></span> 
     </span>
    </p>

    <p class='ocr_par' dir='ltr' id='par_1_10' title="bbox 152 2187 839 2481">
     <span class='ocr_line' id='line_1_28' title="bbox 152 2187 802 2265; baseline -0.003 -20"><span class='ocrx_word' id='word_1_166' title='bbox 152 2187 223 2257; x_wconf 89' lang='lat' dir='ltr'><strong>Quid</strong></span> <span class='ocrx_word' id='word_1_167' title='bbox 233 2203 320 2244; x_wconf 91' lang='lat' dir='ltr'><strong>moror</strong></span> <span class='ocrx_word' id='word_1_168' title='bbox 330 2187 427 2243; x_wconf 90' lang='lat' dir='ltr'><strong>interea</strong></span> <span class='ocrx_word' id='word_1_169' title='bbox 437 2188 554 2245; x_wconf 87' lang='lat' dir='ltr'><strong>crudelia</strong></span> <span class='ocrx_word' id='word_1_170' title='bbox 562 2188 673 2246; x_wconf 84' lang='lat' dir='ltr'><strong>vulnera</strong></span> <span class='ocrx_word' id='word_1_171' title='bbox 683 2189 802 2265; x_wconf 78' lang='lat' dir='ltr'><strong>lymphis</strong></span> 
     </span>
     <span class='ocr_line' id='line_1_29' title="bbox 153 2263 804 2339; baseline -0.003 -19"><span class='ocrx_word' id='word_1_172' title='bbox 153 2263 274 2330; x_wconf 79' lang='lat' dir='ltr'><strong>abluere,</strong></span> <span class='ocrx_word' id='word_1_173' title='bbox 294 2272 320 2319; x_wconf 91' lang='lat' dir='ltr'><strong>et</strong></span> <span class='ocrx_word' id='word_1_174' title='bbox 328 2281 434 2335; x_wconf 84' lang='lat' dir='ltr'><strong>sparsos</strong></span> <span class='ocrx_word' id='word_1_175' title='bbox 444 2264 539 2319; x_wconf 79' lang='lat' dir='ltr'><strong>immiti</strong></span> <span class='ocrx_word' id='word_1_176' title='bbox 552 2265 684 2339; x_wconf 80' lang='lat' dir='ltr'><strong>sanguine</strong></span> <span class='ocrx_word' id='word_1_177' title='bbox 692 2263 804 2320; x_wconf 70' lang='lat' dir='ltr'><strong>vultus?</strong></span> 
     </span>
     <span class='ocr_line' id='line_1_30' title="bbox 152 2338 722 2411; baseline 0 -17"><span class='ocrx_word' id='word_1_178' title='bbox 152 2340 238 2394; x_wconf 88' lang='lat' dir='ltr'><strong>Dixit:</strong></span> <span class='ocrx_word' id='word_1_179' title='bbox 259 2345 285 2394; x_wconf 93' lang='lat' dir='ltr'><strong>et</strong></span> <span class='ocrx_word' id='word_1_180' title='bbox 293 2338 326 2394; x_wconf 90' lang='lat' dir='ltr'><strong>ad</strong></span> <span class='ocrx_word' id='word_1_181' title='bbox 335 2338 409 2394; x_wconf 90' lang='lat' dir='ltr'><strong>littus</strong></span> <span class='ocrx_word' id='word_1_182' title='bbox 418 2356 501 2411; x_wconf 88' lang='lat' dir='ltr'><strong>passu</strong></span> <span class='ocrx_word' id='word_1_183' title='bbox 510 2341 638 2411; x_wconf 81' lang='lat' dir='ltr'><strong>processit</strong></span> <span class='ocrx_word' id='word_1_184' title='bbox 647 2339 722 2406; x_wconf 86' lang='lat' dir='ltr'><strong>anili,</strong></span> 
     </span>
     <span class='ocr_line' id='line_1_31' title="bbox 154 2414 839 2481; baseline 0.004 -13"><span class='ocrx_word' id='word_1_185' title='bbox 154 2415 271 2469; x_wconf 84' lang='lat' dir='ltr'><strong>albentes</strong></span> <span class='ocrx_word' id='word_1_186' title='bbox 281 2414 377 2471; x_wconf 88' lang='lat' dir='ltr'><strong>laniata</strong></span> <span class='ocrx_word' id='word_1_187' title='bbox 386 2432 486 2470; x_wconf 88' lang='lat' dir='ltr'><strong>comas.</strong></span> <span class='ocrx_word' id='word_1_188' title='bbox 515 2416 587 2481; x_wconf 89' lang='lat' dir='ltr'><strong>Date,</strong></span> <span class='ocrx_word' id='word_1_189' title='bbox 598 2416 722 2481; x_wconf 86' lang='lat' dir='ltr'><strong>Troades,</strong></span> <span class='ocrx_word' id='word_1_190' title='bbox 733 2433 839 2480; x_wconf 85' lang='lat' dir='ltr'><strong>urnam,</strong></span> 
     </span>
    </p>
   </div>
   <div class='ocr_carea' id='block_1_3' title="bbox 100 2480 784 2725">
    <p class='ocr_par' dir='ltr' id='par_1_11' title="bbox 100 2480 784 2725">
     <span class='ocr_line' id='line_1_32' title="bbox 100 2480 784 2563; baseline 0.007 -22"><span class='ocrx_word' id='word_1_191' title='bbox 100 2499 138 2542; x_wconf 79' lang='grc'><strong>535</strong></span> <span class='ocrx_word' id='word_1_192' title='bbox 153 2489 255 2543; x_wconf 82' lang='lat' dir='ltr'><strong>dixerat</strong></span> <span class='ocrx_word' id='word_1_193' title='bbox 265 2480 371 2556; x_wconf 70' lang='lat' dir='ltr'><strong>infelix,</strong></span> <span class='ocrx_word' id='word_1_194' title='bbox 389 2489 505 2563; x_wconf 88' lang='lat' dir='ltr'><strong>liquidas</strong></span> <span class='ocrx_word' id='word_1_195' title='bbox 515 2490 631 2545; x_wconf 86' lang='lat' dir='ltr'><strong>hauriret</strong></span> <span class='ocrx_word' id='word_1_196' title='bbox 643 2497 673 2546; x_wconf 91' lang='lat' dir='ltr'><strong>ut</strong></span> <span class='ocrx_word' id='word_1_197' title='bbox 682 2489 784 2547; x_wconf 84' lang='lat' dir='ltr'><strong>undas:</strong></span> 
     </span>
     <span class='ocr_line' id='line_1_33' title="bbox 141 2562 769 2642; baseline 0.008 -28"><span class='ocrx_word' id='word_1_198' title='bbox 141 2562 263 2633; x_wconf 81' lang='lat' dir='ltr'><strong>adspicit</strong></span> <span class='ocrx_word' id='word_1_199' title='bbox 270 2563 387 2622; x_wconf 84' lang='lat' dir='ltr'><strong>eiectum</strong></span> <span class='ocrx_word' id='word_1_200' title='bbox 397 2564 521 2642; x_wconf 82' lang='lat' dir='ltr'><strong>Polydori</strong></span> <span class='ocrx_word' id='word_1_201' title='bbox 530 2565 557 2621; x_wconf 89' lang='lat' dir='ltr'><strong>in</strong></span> <span class='ocrx_word' id='word_1_202' title='bbox 569 2564 653 2621; x_wconf 89' lang='lat' dir='ltr'><strong>littore</strong></span> <span class='ocrx_word' id='word_1_203' title='bbox 662 2581 769 2636; x_wconf 80' lang='lat' dir='ltr'><strong>eorpus,</strong></span> 
     </span>
     <span class='ocr_line' id='line_1_34' title="bbox 125 2633 747 2725; baseline 0.002 -35"><span class='ocrx_word' id='word_1_204' title='bbox 125 2633 259 2712; x_wconf 61' lang='lat' dir='ltr'><strong>fictaque</strong></span> <span class='ocrx_word' id='word_1_205' title='bbox 271 2641 407 2703; x_wconf 81' lang='lat' dir='ltr'><strong>Threiciis</strong></span> <span class='ocrx_word' id='word_1_206' title='bbox 416 2644 545 2725; x_wconf 80' lang='lat' dir='ltr'><strong>ingentia</strong></span> <span class='ocrx_word' id='word_1_207' title='bbox 551 2638 747 2700; x_wconf 70' lang='lat' dir='ltr'><strong>salamatelis.</strong></span> 
     </span>
    </p>
   </div>
   <div class='ocr_carea' id='block_1_4' title="bbox 0 0 951 2940">
    <p class='ocr_par' dir='ltr' id='par_1_12' title="bbox 0 0 951 2940">
     <span class='ocr_line' id='line_1_35' title="bbox 0 0 951 2940; baseline 0 0"><span class='ocrx_word' id='word_1_208' title='bbox 0 0 951 2940; x_wconf 95' lang='lat' dir='ltr'><strong> </strong></span> 
     </span>
    </p>
   </div>
  </div>
 </body>
</html>
