1874 2940
143 131 519 181 uETanoneuosuou
538 131 609 174 Lm.
629 131 662 176 11.
732 123 764 176 te

55 232 115 297 Au,
136 247 207 303 quae
215 248 262 302 per
272 237 351 284 totam
365 247 406 283 res
415 236 455 284 est
464 228 601 283 notissima
612 230 725 293 Lesbon,

49 326 74 363 m
84 305 175 361 audita
185 305 234 359 tibi
244 302 301 358 est?
319 303 433 374 patrium
445 312 585 356 temerasse
594 302 682 357 cubile

49 377 215 457 petimeueu?
233 378 297 432 Avis
309 377 353 431 itta
364 377 487 448 quidem:
504 375 550 430 sed
559 378 662 430 conscia
673 377 766 448 culpae

49 462 193 526 mspectum
205 451 344 523 lucemque
355 450 436 523 fugit,
458 449 626 520 tenebrisque
637 452 764 521 pudorem

50 530 101 594 let3
122 525 620 595 etacunctisexpeititnraetheretoto.
781 537 819 579 505

60 602 136 659 Talia
145 599 256 662 dicenti,
277 599 351 662 Tibi,
372 599 422 663 ait,
444 598 619 662 revocamine,
639 614 744 661 corvus,

49 684 79 733 ut
101 690 194 746 precor
217 674 267 727 ista
290 672 375 726 meio:
407 690 455 726 uos
480 689 579 726 vanum
603 676 756 743 spernimus

555 764 644 802 omen.

49 828 209 892 eoooeptum
219 819 330 873 dimittit
341 820 403 874 iter:
423 819 585 891 dominoque
596 822 722 877 iacentem

48 915 87 953 rm
98 897 194 950 iuvene
203 894 346 948 Haemonio
358 894 457 948 vidisse
466 895 595 950 Coronida
607 903 704 951 narrat.

49 986 127 1027 aurea
136 969 243 1039 delapsa
254 977 307 1031 est,
329 968 552 1031 auditocrimine,
573 971 687 1024 amanti:
782 982 821 1024 000

49 1045 159 1119 aperitet
168 1042 315 1113 vultusque
324 1041 382 1104 deo,
404 1042 586 1113 plectrumque
596 1043 720 1116 colorque

49 1119 132 1175 reidit.
162 1118 248 1189 thue
257 1117 364 1171 animus
375 1118 475 1170 tumida
488 1117 603 1170 fervebat
612 1118 645 1171 ab
656 1120 703 1182 ira,

49 1210 99 1249 aue
109 1200 212 1246 assueta
224 1192 301 1262 repit,
323 1190 475 1260 flexumque
485 1208 498 1242 a
509 1191 634 1243 cornibus
645 1207 735 1245 arcum

49 1267 122 1323 odit:
143 1275 168 1319 et
179 1264 223 1319 ilia
233 1283 282 1320 suo
293 1266 367 1318 toties
377 1281 439 1317 cnm
450 1272 551 1333 pectore
561 1264 650 1316 iuncta

49 1341 171 1397 tdevitato
181 1341 280 1393 traiecit
290 1347 391 1410 pectora
404 1337 464 1390 teto.
784 1348 822 1391 005

49 1414 160 1471 tndedit
168 1414 308 1487 gemitum,
330 1421 462 1482 tractoque
472 1429 485 1464 a
496 1409 691 1476 vulnereierro,

49 1488 138 1545 rodida
149 1489 261 1559 puniceo
271 1486 386 1559 perfudit
397 1487 514 1541 membra
525 1504 630 1541 cruore:

49 1560 143 1626 tdixit,
168 1562 241 1616 Potui
254 1563 419 1632 poenastibi,
441 1563 552 1625 Phoebe,
574 1561 693 1629 dedisse;

49 1637 74 1692 ed
84 1637 218 1708 peperisse
227 1637 316 1706 prius:
337 1637 391 1691 dno
403 1654 473 1691 nunc
485 1637 627 1691 moriemur
638 1636 664 1690 in
675 1653 739 1689 una.

49 1719 177 1774 ‚actenus,
197 1720 223 1764 et
236 1711 332 1780 pariter
342 1712 422 1765 vitam
436 1728 496 1763 cum
508 1712 639 1783 sanguine
649 1709 726 1763 fudit.
785 1721 823 1762 010

49 1802 141 1856 orpus,
163 1785 368 1846 intueanimae,
390 1785 474 1856 frigus
486 1785 559 1838 letale
568 1791 688 1837 secutum
698 1791 747 1837 est.

64 1860 182 1914 Poenitet
195 1859 244 1912 ben
255 1876 313 1913 sero
323 1876 420 1928 poenae
430 1859 543 1912 crudelis
554 1865 700 1912 amentem:

49 1950 120 2006 tque,
139 1932 212 2005 quod
223 1933 344 1997 audierit,
364 1933 435 2004 quod
447 1934 485 1987 sic
498 1932 632 1997 exarserit,
653 1932 717 1986 odit.

49 2008 90 2063 tdit
99 2025 190 2069 avem,
213 2024 260 2078 per
269 2025 350 2078 quam
364 2009 463 2061 crimen
477 2023 653 2077 caussamque
665 2006 770 2063 dolendi

49 2082 211 2137 :irecoactus
224 2091 292 2135 erat:
314 2100 362 2136 nec
372 2101 423 2136 non
435 2098 581 2152 arcumque
590 2097 754 2152 manumque
786 2091 824 2132 615

49 2156 93 2221 tit,
112 2173 331 2226 cumquemanu,
353 2157 486 2210 temeraria
498 2156 557 2218 teia,
578 2156 700 2228 sagittas:

49 2230 227 2302 illapsamque
238 2229 314 2294 fovet,
335 2248 447 2301 seraque
456 2248 504 2300 ope
516 2231 619 2285 vincere
630 2228 683 2284 fata

49 2304 133 2368 bitur,
154 2313 180 2358 et
188 2305 303 2358 medicas
313 2308 536 2359 exercetmaniter
546 2313 624 2359 artes.

49 2389 103 2433 tuae
114 2388 255 2450 postquam
266 2378 362 2433 frustra
375 2388 483 2438 tentata.
506 2395 655 2452 rogumque
664 2376 751 2447 parari

49 2453 106 2517 tuit,
127 2461 152 2506 et
161 2471 267 2507 arsuros
277 2453 410 2523 supremis
422 2454 529 2525 ignibus
540 2463 627 2517 artus;
788 2461 825 2501 000

49 2544 87 2581 rm
102 2545 163 2581 vero
172 2528 288 2600 gemitus
298 2530 394 2598 (neque
404 2528 474 2580 enim
486 2527 607 2581 coelestin
617 2524 684 2597 tingi

49 2619 75 2656 ra
90 2601 148 2656 licet
158 2601 283 2677 lacrimis)
293 2602 344 2658 alto
354 2602 387 2657 de
396 2601 473 2657 corde
484 2602 577 2674 petitos
