1874 2940
135 141 167 195 12
312 146 341 192 P.
360 142 487 191 ovum
505 144 672 191 NASONIS

79 255 117 300 333
131 246 186 300 Nee
194 245 276 300 maris
286 244 324 299 ira
335 251 436 313 manet;
458 245 596 317 positoque
605 244 748 317 tricuspide
762 246 813 303 telo

132 319 231 374 mulcet
240 337 323 392 aquas
333 327 417 375 rector
425 319 528 394 pelugi:
550 338 685 393 supraque
694 320 863 392 profundum

132 392 264 448 extantem
275 402 354 466 atque
363 394 489 450 humeros
498 395 589 450 innato
598 396 700 451 murice
709 403 808 452 tectum

132 468 282 524 caeruleum
294 470 400 526 Tritona
411 477 499 538 vocat;
519 470 687 542 conchaeque
697 472 801 526 sonanti
858 506 869 515 -

132 542 262 613 inspirare
270 544 357 612 iubet;
378 543 528 615 fluctusque
537 552 562 599 et
571 543 682 601 llumina
691 545 769 619 signo

78 626 117 670 335
132 618 186 670 iem
196 634 316 674 revocare
325 619 395 674 (1313.
427 618 497 675 Cava
505 619 618 674 buccina
628 620 744 675 sumitur
754 619 793 674 illi

134 691 240 757 tortilis,
261 693 290 746 in
300 691 384 746 latum
394 709 462 764 quae
472 694 579 748 turbine
587 695 681 749 crescit
689 695 723 749 ab
734 695 788 750 imo
799 715 804 748 :

131 766 254 831 buccina,
275 783 353 837 queo,
372 767 400 821 in
413 767 501 822 medio
510 769 629 840 concepit
637 777 668 823 ut
677 771 736 823 3333
747 776 835 840 ponto,

133 838 218 894 1111333
228 857 291 895 voce
301 839 383 911 replet
392 841 445 896 sub
454 848 568 913 utroque
578 843 688 898 iacentia
698 844 812 899 Phoebo.

132 914 202 969 Tum
211 931 334 985 quoque,
355 921 385 968 ut
392 931 437 969 ora
447 913 489 969 dei
499 915 604 970 madida
617 918 731 972 rorantia
742 919 824 973 1333133

77 994 116 1041 atu
131 988 250 1061 contigit,
271 995 296 1042 et
305 987 592 1043 eecinitiusscsinssata
603 998 732 1060 receptus,

131 1062 258 1117 omnibus
268 1061 357 1117 audita
366 1068 407 1116 est
415 1059 518 1116 telluris
527 1069 553 1116 et
562 1065 683 1133 aequoris
693 1064 788 1119 undis:

131 1143 156 1190 et
165 1136 266 1208 quibus
276 1143 316 1191 est
324 1135 405 1192 undis
415 1135 518 1202 audita,
538 1136 653 1192 coercuit
664 1154 767 1193 omnes.

130 1211 186 1265 lam
196 1211 453 1268 marelittushabet:
474 1210 567 1283 plenos
576 1211 647 1283 capit
655 1211 747 1268 alveus
757 1228 863 1266 amnes:

130 1284 242 1343 flumina
250 1286 404 1355 subsidunt,
424 1285 558 1362 collesque
567 1288 639 1344 exire
651 1287 785 1344 videntur.

77 1366 115 1412 315
130 1359 340 1435 Surgithumus:
352 1371 474 1417 crescunt
483 1362 549 1432 loca,
560 1363 771 1420 decrescentibus
780 1360 871 1417 undis.

130 1434 245 1504 Postque
253 1435 324 1489 diem
335 1435 442 1508 longam
452 1437 550 1492 nudata
559 1439 697 1494 cacumina
707 1438 790 1494 silvae

131 1507 285 1571 ostendunt,
307 1505 458 1579 limumque
467 1517 556 1564 tenent
564 1511 593 1565 in
601 1510 693 1566 fronde
702 1511 835 1565 relictum.

168 1579 296 1634 Redditus
314 1580 387 1635 orbis
409 1590 473 1636 3331.
503 1582 589 1648 Quem
607 1591 750 1652 postquam
769 1582 837 1637 vidit

610 1663 741 1727 apertum,

130 1735 155 1782 et
167 1726 295 1783 desolatas
306 1745 383 1803 agere
391 1728 443 1785 alta
452 1728 556 1784 silentiu
566 1735 663 1798 terras3

78 1814 116 1856 353
131 1801 273 1858 Deucalion
283 1801 400 1858 lacrimis
409 1805 444 1860 113
454 1802 586 1878 Pyrrham
596 1803 690 1859 affatur
699 1801 811 1858 obortis:

130 1876 251 1942 Osorcr,
272 1878 410 1944 3333133,
430 1877 556 1935 clemins
565 1877 621 1934 3313
630 1884 774 1950 superstes,

129 1968 210 2022 quam
221 1968 364 2007 commune
372 1953 440 2008 mihi
448 1971 535 2027 genus
545 1961 570 2008 et
579 1952 705 2025 patruelis
715 1951 798 2024 origo,

129 2025 224 2081 deinde
235 2033 308 2081 torus
319 2027 416 2094 iunxit,
437 2045 510 2083 nunc
518 2029 575 2099 ipsa
585 2026 702 2098 pericula
712 2026 841 2098 iungunt:

129 2107 272 2166 terrarum,
293 2118 469 2174 quascunque
477 2102 569 2158 vident
577 2119 686 2157 occasus
696 2107 721 2154 et
732 2107 816 2163 ortus,

75 2185 114 2227 355
129 2192 177 2229 nos
187 2173 447 2231 duoturbasumns:
468 2177 585 2247 possedit
593 2183 692 2230 caetera
701 2181 809 2245 pontus.

127 2249 196 2302 llaec
205 2266 313 2321 quoque
321 2250 410 2305 adhuc
418 2251 487 2306 vitae
497 2268 551 2306 non
560 2258 600 2306 est
609 2249 705 2304 fiducia
716 2256 818 2303 nostrae

128 2328 198 2377 certa
207 2324 285 2379 satis:
307 2332 405 2379 terrent
413 2325 566 2380 etiamnunc
575 2323 668 2380 nubila
681 2331 806 2385 mentem.

128 2394 195 2463 Quis
205 2398 268 2464 tibi,
289 2398 313 2453 si
323 2399 381 2454 sine
392 2397 504 2454 mesatis
514 2408 602 2472 erepta
612 2398 718 2463 fuisses,

129 2488 201 2526 nunc
220 2473 343 2541 animus,
362 2474 528 2541 miseranda,
550 2473 633 2532 ioret‘?
656 2491 710 2544 quo
729 2471 784 2529 sola
803 2471 837 2525 ti-

608 2565 708 2604 morem

39 2609 88 2649 sce
96 2607 175 2663 serre
181 2619 268 2674 modo
268 2623 396 2689 posses?
411 2642 469 2700 quo
479 2624 636 2686 consolante
645 2620 764 2682 doleres‘l

150 2866 200 2900 A
296 2874 321 2899 ι.
