1874 2940
120 140 137 192 ἓ
309 144 339 192 Ρ.
360 144 487 192 ov1D11
504 145 672 192 NASONIS

121 260 169 298 nec
188 241 352 316 quidquam,
374 245 427 299 nisi
451 244 557 316 pondus
582 245 667 374 iffi
689 255 860 319 congestaque

649 337 690 373 em

122 407 175 447 non
184 391 251 446 bene
263 391 415 448 iunctarum
423 392 554 448 discordia
567 395 670 448 semina
680 410 779 447 rerum.

68 477 93 518 to
121 464 219 520 Nullus
228 465 316 522 adhuc
325 466 426 522 mundo
435 467 577 536 praebebat
588 466 691 522 lumina
702 468 777 521 Titan
788 487 793 534 ;

122 556 170 594 nec
178 557 247 594 nova
255 540 397 597 crescendo
407 540 544 610 reparabat
553 557 652 597 cornua
661 541 779 608 Phoebe,

122 630 170 668 nec
179 613 340 670 circumfuso
349 613 480 686 pendebat
489 613 518 669 in
528 617 586 670 aire
596 615 672 670 telius

121 687 284 758 ponderibus
294 687 388 743 librata
398 688 469 743 suis:
495 704 544 743 nec
556 688 663 744 brachia
674 688 752 762 longo

123 762 243 834 margine
254 769 385 818 terrarum
395 770 546 835 porrexerat
554 761 723 835 Amphitrite.

83 849 93 889 5
122 833 394 906 Quaquefuittelius,
415 836 612 908 illicetpontus
629 845 655 891 et
666 839 718 893 adr.

122 908 166 964 Sic
174 917 230 964 erat
239 909 371 966 instabilis
382 910 474 976 tellus,
495 910 621 966 innabilis
632 911 714 975 unda,

123 982 191 1037 lucis
201 1001 282 1058 egens
293 987 350 1041 a'e'r:
372 984 439 1041 nulli
450 1001 499 1040 sua
509 983 593 1040 torma
605 985 742 1052 manebat,

122 1056 296 1131 obstabatque
306 1058 365 1114 aliis
374 1057 462 1124 aliud,
482 1059 663 1132 quiacorpore
676 1061 768 1114 inuno

121 1130 219 1205 frigida
228 1134 384 1206 pugnabant
393 1132 496 1198 calidis,
517 1132 654 1189 humentia
664 1135 751 1200 siccis,

68 1219 93 1262 to
122 1205 213 1262 mollia
223 1224 285 1264 cum
295 1207 381 1274 duris,
401 1208 460 1263 sine
469 1207 586 1279 pondere
594 1209 719 1264 habentia
728 1209 844 1281 pondus.

122 1280 195 1337 Hanc
205 1282 270 1338 dcus
279 1291 304 1339 et
314 1282 408 1341 melior
418 1281 491 1338 litem
501 1289 595 1338 natura
604 1282 723 1338 diremit:

124 1372 187 1409 nam
195 1355 267 1412 coelo
277 1365 369 1423 terras,
390 1363 416 1410 et
423 1357 499 1412 terris
510 1357 622 1413 abscidit
631 1357 719 1412 undas
732 1376 738 1424 ς

123 1436 149 1481 et
159 1426 294 1498 liquidum
305 1431 393 1501 spisso
402 1432 513 1486 secrevit
522 1433 557 1485 ab
567 1434 625 1486 aere
634 1430 748 1484 coelum.

123 1500 197 1566 Quae
208 1509 350 1572 postquem
359 1501 467 1567 evolvit,
487 1519 617 1574 caecoque
626 1502 725 1556 exemit
734 1518 836 1567 acervo,

70 1587 95 1628 25
123 1573 262 1629 dissociata
273 1573 336 1630 locis
346 1575 469 1631 concordi
480 1591 544 1645 pace
560 1574 661 1648 ligavit.

124 1647 677 1721 Igneaconvexivisetsineponderecoeli

124 1720 242 1789 emicuit,
264 1740 424 1797 summaque
433 1722 521 1778 locum
531 1722 583 1777 sibi
596 1721 660 1798 legit
670 1724 696 1779 in
710 1742 778 1780 arce.

125 1797 266 1852 Proximus
277 1805 317 1853 est
325 1801 370 1853 air
379 1797 417 1853 ilii
428 1797 546 1862 levitate,
567 1796 689 1872 locoque:

124 1871 231 1927 densior
240 1872 283 1927 his
293 1872 381 1939 tellus,
402 1871 583 1943 elementaque
592 1875 703 1947 grandia
717 1875 810 1940 traxit3

71 1958 96 1999 ao
125 1953 150 2000 et
157 1963 249 2017 pressa
258 1954 299 2001 est
306 1947 434 2020 gravitate
443 1945 497 2001 sui.
536 1946 820 2002 Circumfluushumor

125 2019 220 2075 ultima
229 2020 357 2092 possedit,
378 2020 550 2092 solidumque
559 2021 674 2077 coercuit
685 2020 787 2075 orbem.

162 2093 263 2151 Sicubi
274 2094 440 2166 dispositam,
455 2095 582 2167 quisquis
590 2093 643 2150 tuit
655 2092 701 2148 iile
710 2092 830 2154 deorum,

125 2169 276 2242 congeriem
285 2169 379 2234 secuit,
400 2176 554 2241 sectamque
564 2170 591 2224 in
603 2167 724 2223 membra
733 2165 848 2240 redegit,

125 2243 373 2314 principioterram,
394 2241 748 2315 nenenaequelisnbomni

72 2329 97 2370 35
125 2324 199 2387 parte
209 2317 282 2383 foret,
304 2317 396 2391 magni
405 2318 520 2390 speciem
530 2316 688 2391 glomeravit
698 2316 726 2370 in
736 2315 818 2371 orbis.

127 2392 197 2446 Tum
206 2391 271 2447 freta
281 2391 396 2458 diffudit,
417 2391 571 2464 rapidisque
581 2398 727 2445 tumescere
736 2391 823 2447 ventis

127 2466 215 2531 iussit,
237 2474 262 2522 et
271 2466 386 2522 ambitae
393 2465 559 2522 circumdare
570 2465 655 2520 littora
665 2472 757 2520 terrae.

126 2539 236 2596 Addidit
244 2548 270 2596 ct
279 2539 373 2607 sontes,
394 2548 420 2596 et
429 2548 522 2614 stagna
532 2541 663 2595 immensa
673 2539 813 2612 lacusque;

112 2613 291 2686 flammaque
299 2615 420 2690 obiiquis
430 2615 515 2672 cinxit
524 2614 637 2672 declivia
645 2615 728 2688 ripis:

220 2880 245 2908 A
