1874 2940
154 121 204 174 298
343 125 372 170 P.
392 123 519 170 ovlnn
535 124 701 171 NASONIS

154 222 264 281 sustulit
272 222 306 278 ad
314 240 449 295 proceres,
470 230 672 294 exspectamque
681 223 789 278 resolvit

154 317 199 356 cra
209 316 287 355 sono:
309 297 703 370 nequeahestlacundisgratia
717 298 804 352 dictis.

155 372 183 429 Si
194 390 252 427 mea
261 389 325 427 cum
334 373 429 426 vestris
438 371 585 426 valuissent
595 380 664 435 vota,
685 371 798 444 Pelasgi,

155 465 209 502 non
219 446 284 503 foret
293 446 438 520 ambiguus
448 445 514 499 tanti
523 445 675 500 certaminis
684 445 776 500 heres:

101 534 140 577 100
155 529 239 593 tuque
247 521 302 576 tuis
312 521 404 584 armis,
425 537 474 575 nos
485 527 678 590 tepotercmur,
698 519 812 574 Achille.

154 596 240 662 Quem
249 594 377 667 quoniam
388 611 441 648 non
452 611 536 664 aequa
545 593 614 647 mihi
624 593 754 665 vobisque
770 604 902 667 negarunt

155 669 222 735 fata,
242 669 388 742 (manuque
397 666 479 721 simul
490 666 573 721 veluti
585 666 749 722 lacrimantia
758 670 833 723 tersit

157 741 280 814 lumina)
299 742 362 812 quis
372 757 470 812 magno
479 739 576 795 melius
586 741 704 795 succedit
712 742 818 807 Achilli,

156 833 238 888 quam
249 831 386 886 perquem
397 831 511 887 magnus
523 816 619 869 Danais
629 817 739 870 accessit
748 815 884 872 Achilles?

102 901 141 944 100
155 890 223 946 Huic
232 888 310 944 modo
321 905 354 942 ne
364 889 461 960 prosit,
477 890 564 962 quod,
584 898 615 945 ut
624 898 677 955 est,
698 890 779 945 hebes
792 908 850 944 esse
860 893 903 945 vi-

636 964 726 1018 detur:

157 1053 224 1092 nave
233 1037 301 1092 mihi
312 1045 411 1103 noceat,
432 1037 592 1110 quodvohis
603 1055 716 1109 semper,
738 1038 843 1103 Achivi,

155 1110 420 1186 profuitingenium:
432 1112 614 1186 meaquehaec
622 1111 784 1176 facundiam
791 1122 900 1184 quaest,

156 1205 225 1260 quae
236 1205 308 1242 nunc
316 1204 365 1258 pro
374 1186 492 1253 domino,
513 1204 561 1259 pro
570 1187 646 1242 vobis
656 1204 734 1258 saepe
744 1185 828 1241 locuta
839 1195 889 1253 est,

156 1262 258 1319 invidia
269 1270 368 1317 careat:
389 1262 458 1318 bona
469 1279 518 1317 neo
527 1279 576 1317 sua
585 1262 702 1334 quiaque
714 1269 825 1316 recuset.

103 1344 142 1392 110
157 1339 225 1391 Nam
234 1353 335 1411 genus,
356 1342 381 1390 et
390 1353 518 1407 proavos,
539 1344 642 1409 atquae
651 1354 704 1392 nou
713 1334 827 1390 lecimus
837 1336 901 1407 ipsi,

156 1412 203 1465 vix
213 1428 242 1464 ea
255 1418 343 1465 nostra
354 1427 428 1465 voco.
458 1410 600 1476 Sedenim,
621 1412 686 1482 quia
695 1410 785 1465 retulit
796 1410 866 1465 Aiax

156 1500 215 1538 csse
224 1483 294 1538 lovis
304 1500 446 1554 pronepos,
453 1485 536 1539 nostri
545 1502 653 1556 qnoque
662 1485 803 1558 sanguinis
812 1493 903 1540 auctor

157 1556 256 1627 Iupiter
265 1563 318 1621 est,
341 1556 503 1628 totidemque
511 1558 611 1630 gradus
620 1558 752 1615 distamus
762 1560 796 1614 ab
807 1558 863 1613 illo.

156 1631 225 1686 Nam
235 1630 302 1685 mihi
312 1631 418 1685 Laertes
426 1638 501 1702 pater
510 1639 563 1697 est,
583 1632 708 1687 Arcesius
719 1633 768 1698 illi,

102 1712 142 1759 110
156 1705 342 1776 iupiterhuic:
364 1723 452 1778 neque
461 1705 490 1762 in
500 1705 542 1762 his
552 1707 699 1779 quisquam
708 1706 862 1771 damnatus,
877 1715 903 1762 et

637 1781 724 1837 exsul.

155 1851 204 1904 Est
213 1867 321 1922 quoque
331 1870 378 1922 per
388 1862 499 1910 matrem
509 1853 646 1927 Cyllenius
656 1854 744 1908 addita
756 1851 833 1904 nobis

156 1922 236 1977 altera
246 1923 380 1978 nobilitas.
409 1926 480 1980 Deus
490 1934 530 1980 est
537 1927 566 1979 in
577 1933 690 1994 utroque
699 1929 815 1991 parente.

156 1995 206 2051 Sed
216 2011 304 2065 neque
314 2003 432 2050 materno
441 1998 513 2067 quod
524 2014 585 2051 surn
594 1994 746 2069 generosior
755 2001 824 2058 ortu,

157 2086 204 2125 nec
214 2068 282 2122 mihi
292 2068 365 2140 quod
374 2077 448 2140 pater
456 2077 496 2124 est
505 2069 612 2125 fraterni
623 2067 764 2142 sanguinis
775 2068 878 2137 insons,

102 2157 142 2199 15⁰
155 2143 289 2216 proposita
302 2161 376 2199 arma
389 2152 462 2215 pcto:
483 2143 585 2198 meritis
595 2142 735 2215 expendite
743 2161 880 2215 caussam3

156 2218 311 2286 dummodo,
318 2219 391 2291 quod
401 2218 492 2274 iratres
499 2217 624 2275 Telamon
631 2218 777 2292 Peleusque
782 2220 900 2286 fuerunt,

156 2295 243 2350 Aiacis
254 2295 379 2350 meritum
388 2312 442 2356 non
455 2293 503 2349 sit:
526 2311 574 2349 nco
583 2294 723 2370 sanguinis
733 2295 806 2361 ordo,

156 2370 203 2425 sed
214 2370 320 2426 virtutis
329 2372 414 2426 honor
423 2368 517 2442 spoliis
529 2380 671 2443 quaeratur
681 2370 709 2426 in
718 2371 787 2425 istis.

156 2443 210 2500 Aut
220 2447 243 2500 si
253 2445 420 2517 proximitas,
439 2446 598 2518 primusque
608 2445 754 2519 requiritur
762 2446 852 2511 hercs3

90 2529 138 2570 155
149 2521 308 2592 estgenitor
317 2520 420 2586 Peleus,
441 2530 482 2577 cst
490 2522 610 2596 Pyrrhus
620 2523 693 2577 filius
706 2521 756 2575 illi.

134 2590 209 2656 Oris
216 2594 299 2656 locus
308 2596 408 2658 Aiaci?
419 2597 549 2658 Phthiam
556 2597 623 2656 hacc
630 2596 763 2671 Semonre
773 2594 900 2650 ferantur.
