1874 2940
160 133 193 185 ⁹6
336 137 365 182 P.
386 133 513 182 0v1n11
530 135 701 182 NASONIS

160 238 274 294 Dixerat.
304 235 352 292 Ille
361 254 425 292 suae
436 234 566 291 lambebat
574 237 696 310 coniugis
704 253 765 294 cra:

107 325 145 369 555
161 313 243 384 inque
252 313 330 368 sinus
340 330 428 378 caros,
448 311 531 366 veluti
542 320 717 382 cognosceret,
738 313 806 380 ibat3

160 395 186 442 et
194 388 273 443 dabat
281 387 436 460 amplexus,
457 393 615 456 assuetaque
624 386 690 442 colla
700 388 813 459 petebat.

160 461 291 535 Quisquis
301 464 383 526 adest,
394 460 511 533 (aderant
519 461 627 515 comites
635 461 653 532 3}
664 470 784 518 terretur.
812 462 847 518 At
856 462 901 516 illa

162 537 263 592 lubrica
273 536 418 610 permulcet
427 534 525 589 cristati
536 533 602 589 colla
611 534 741 601 draconis,

160 622 186 667 et
195 613 283 668 subito
293 611 346 666 duo
356 617 429 669 sunt.
450 608 872 683 iunctoquevolumineserpunt3

108 699 146 742 tou
161 686 243 741 donec
251 687 279 741 in
290 684 403 755 appositi
418 683 532 738 nemoris
542 683 647 737 subiere
658 682 779 739 latebras

161 762 239 815 Nunc
257 775 365 830 quoque
379 774 428 813 nec
441 756 549 832 fugiunt
562 757 707 885 hcmipeerp,
729 775 776 812 nec
790 759 901 815 vulnere

646 848 660 884 a
696 838 758 886 unt:

160 906 281 980 quidque
290 907 365 978 prius
376 905 483 972 inerint,
504 905 600 978 placidi
610 906 755 961 meminere
763 905 899 960 dracones.

198 980 248 1036 Sed
259 989 346 1036 temen
356 980 487 1037 ambobus
497 999 587 1038 versae
596 981 688 1037 solatia
701 980 799 1037 formae

160 1073 258 1142 magna
268 1073 349 1128 nepos
358 1055 476 1144 dederat,
497 1075 577 1130 quem
588 1056 715 1142 debellata
723 1055 824 1142 colebat

108 1142 145 1185 ⁶⁰³
161 1129 841 1284 tttuttzuttttttitbtttttttph’·

161 1282 280 1340 Acrisius
290 1292 419 1356 superest,
440 1284 488 1356 qui
499 1285 638 1341 moenibus
648 1281 817 1338 arceaturbis

161 1358 307 1432 Argolicae,
328 1369 471 1432 contraque
480 1361 560 1415 deum
571 1359 635 1415 ierat
644 1377 732 1427 arma3
752 1373 890 1432 genusque

162 1451 215 1487 non
226 1442 300 1504 putet
307 1451 366 1488 esse
375 1436 459 1489 lovis:
473 1436 640 1506 nequeenim
650 1435 720 1488 lovis
729 1433 904 1503 esseputabat

108 1517 147 1559 510
162 1507 264 1571 Persea,
285 1525 366 1577 quem
376 1509 468 1578 pluvio
478 1511 566 1563 Danae¹
573 1514 727 1578 conceperat
737 1523 810 1560 auro.

161 1581 225 1634 Mox
234 1588 321 1635 tamen
332 1581 464 1635 Acrisium
475 1582 555 1652 (tanta
564 1590 603 1635 est
613 1580 759 1652 praesentia
770 1581 824 1633 veri
832 1581 850 1653 3)

162 1663 216 1708 tam
226 1655 338 1710 violasse
347 1654 442 1719 deum,
463 1671 544 1725 quam
557 1673 609 1708 non
620 1670 732 1726 agnosse
741 1665 872 1725 nepotem,

162 1731 286 1801 poenitet.
316 1727 737 1800 Impositusiamcoelcestalter3
758 1729 864 1794 etalter,

162 1803 262 1874 viperei
276 1804 389 1859 referens
399 1803 516 1875 spolium
526 1801 696 1857 memorabile
705 1805 827 1870 monstri,

109 1889 148 1932 515
163 1881 221 1933 aera
231 1880 353 1950 carpebat
361 1888 481 1933 tenerum
492 1877 665 1931 stridentibus
675 1877 733 1933 alis.

162 1952 306 2025 Quumque
316 1971 397 2024 super
406 1953 519 2026 Libycas
528 1952 611 2007 victor
621 1952 745 2024 penderet
757 1971 864 2024 arenas:

164 2028 294 2099 Gorgonei
303 2029 396 2099 cupitis
406 2036 496 2101 guttae
507 2027 623 2082 cecidere
635 2035 772 2083 cruentae:

162 2118 231 2173 quas
240 2102 340 2156 humus
350 2111 472 2174 exceptas
481 2104 568 2158 varios
578 2101 706 2157 animavit
718 2103 746 2156 in
755 2120 870 2176 angues3

163 2175 234 2231 unde
244 2174 368 2249 frequens
379 2178 425 2233 rita
436 2187 476 2233 est
485 2177 634 2249 infestaque
644 2185 709 2232 terra
722 2176 847 2235 colubris.

109 2262 147 2305 620
199 2252 319 2324 Indeiper
330 2255 492 2308 immensum
502 2253 589 2307 ventis
598 2252 765 2308 discordibus
775 2261 848 2308 nctus

164 2329 308 2395 nunohuc,
327 2328 483 2393 nuncilluo‚
504 2328 625 2400 exemplo
634 2328 715 2383 nubis
728 2345 852 2401 aquosae,

163 2402 254 2468 fertur,
275 2413 300 2459 et
310 2421 342 2460 ex
351 2404 403 2459 alto
413 2404 533 2458 seductas
543 2403 646 2458 aethere
655 2403 733 2477 longe

163 2477 295 2550 despectat
305 2488 399 2544 terras,
420 2487 559 2551 totumque
569 2478 719 2550 supervolat
728 2478 828 2533 orbem.
903 2547 906 2553 .

163 2553 322 2627 Tergelidas
332 2555 433 2621 Arctos,
454 2563 493 2610 ter
502 2556 595 2610 Cancri
606 2555 712 2610 brachia
722 2552 803 2610 vidit:

99 2638 144 2677 m
154 2631 301 2696 saepesub
309 2647 429 2700 occasus,
451 2649 529 2707 saepe
538 2640 579 2688 est
587 2630 691 2687 ablatus
702 2628 729 2683 in
741 2633 825 2682 ortus.
