1874 2940
152 222 184 273 86
337 225 367 270 P.
389 222 513 268 ovum
530 225 697 271 NASONIS

151 323 262 381 contulit
271 323 300 378 in
309 340 420 378 aarum:
440 330 530 378 tantus
543 323 617 380 dolor
625 326 679 380 urit
690 333 823 382 amantes:

152 417 200 454 nec
209 398 311 470 loquor,
332 406 362 453 ut
371 397 505 470 quondam
517 406 626 453 naturae
636 400 693 454 iure
704 409 799 456 novato

98 487 136 530 aso
151 474 295 547 ambiguus
305 471 383 528 fuerit
394 471 473 528 modo
482 473 534 540 vir,
556 474 634 530 modo
644 473 751 540 lamina,
762 475 891 548 Scython.

152 546 891 621 Toquoque‚nuncadamas,quondamfidissimeparvo,

152 622 246 688 Celnri,
267 622 337 677 lovi:
360 621 485 694 largoque
494 631 564 679 satos
573 624 682 680 Curetas
692 625 725 680 ab
735 625 830 692 imbri;

151 706 177 753 et
187 697 286 753 Crocon
297 697 325 750 in
339 712 435 767 parvos
444 715 553 753 versum
562 717 625 754 cum
638 699 749 754 Smilace
759 698 835 755 flores

152 781 297 845 praetereo:
317 769 443 842 dulcique
452 773 555 829 animoa
570 773 684 829 novimte
693 774 795 828 tenebo.

98 858 137 902 285
188 846 264 901 Unde
276 845 310 899 sit
320 843 442 911 infamis3
463 864 546 920 quare
555 847 623 902 male
633 847 743 901 fortibus
754 847 835 901 undis

154 919 281 976 Salmacis
290 928 405 986 enervet,
427 929 562 994 tactosque
570 920 698 975 remolliat
708 928 796 986 artus;

152 995 253 1050 discite.
286 993 385 1051 Caussa
395 993 468 1051 latet:
490 993 823 1052 viaeatnotissimalootis.

152 1069 281 1126 Mercurio
293 1087 405 1141 puerum
415 1071 476 1126 diva
487 1067 641 1144 Cythereide
656 1076 747 1123 natum

151 1144 263 1200 Naiades
274 1144 357 1200 Idaeis
369 1145 517 1200 enutrivere
526 1144 577 1198 sub
587 1144 684 1198 antris:

99 1232 137 1277 ato
152 1219 391 1286 ouiusoratlaciea‚
413 1221 440 1275 in
450 1237 504 1292 qua
513 1226 649 1292 materque
659 1225 786 1291 paterque

151 1296 272 1370 cognosci
282 1306 403 1368 possent:
424 1312 520 1351 nomen
530 1312 639 1369 quoque
647 1293 727 1350 traxit
735 1294 768 1348 ab
778 1291 843 1346 illis.

152 1373 177 1427 Is
187 1371 235 1426 tria
246 1389 331 1444 quum
344 1371 462 1443 primum
473 1369 533 1426 fecit
542 1369 742 1445 quinquennia:
763 1375 868 1425 montes

151 1446 267 1502 deseruit
276 1447 387 1516 patrios:
408 1446 506 1518 Idaque
515 1447 604 1503 altrice
613 1447 700 1502 relicte

153 1521 250 1593 ignotis
261 1537 346 1573 errare
359 1518 432 1584 locis,
454 1521 543 1592 ignota
553 1523 643 1576 videre

99 1607 137 1651 295
152 1593 263 1648 ssumina
276 1592 420 1665 gaudebat;
442 1594 530 1648 studio
539 1597 676 1648 minuente
685 1590 811 1644 laborem.

153 1667 199 1722 Ille
209 1668 286 1720 etiarn
297 1665 392 1738 Lycias
402 1665 491 1725 urbes.
512 1668 661 1738 Lyciaeque
674 1663 839 1735 propinquos

155 1742 234 1797 Caras
245 1740 308 1794 adit.
338 1738 416 1792 Videt
424 1738 469 1793 hic
477 1746 601 1812 stagnum
612 1737 724 1792 lucentis
734 1737 766 1791 ad
776 1739 865 1797 imum

154 1833 241 1888 usque
251 1813 337 1869 solum
349 1812 483 1885 lymphae.
512 1814 571 1868 Non
582 1812 636 1866 illic
648 1829 732 1867 canna
742 1813 883 1885 palustris,

155 1908 203 1946 nec
213 1888 314 1944 steriles
324 1887 409 1953 ulvae,
432 1904 479 1942 neo
489 1895 563 1942 acuta
573 1886 682 1959 cuspide
691 1887 774 1942 iunci.

101 1980 139 2022 too
154 1964 314 2035 Perspicuus
325 1963 414 2036 liquor
422 1969 469 2017 est.
499 1961 590 2037 Stagni
601 1971 688 2017 tamen
698 1962 790 2018 ultima
801 1963 865 2021 vivo

155 2040 252 2111 cespite
262 2039 416 2112 cinguntur,
438 2054 594 2109 semperque
604 2038 752 2093 virentibus
762 2039 863 2095 herbis.

155 2113 362 2188 Nymphaeum,
383 2113 429 2168 sed
440 2130 489 2167 nec
497 2114 636 2168 venatibus
646 2121 719 2184 apta,
741 2131 879 2172 necarcua

155 2189 256 2244 llectere
266 2205 334 2259 quae
343 2187 432 2254 soleat,
454 2205 503 2243 nec
513 2206 582 2260 quae
591 2188 746 2243 contendere
754 2205 846 2255 cursu,

156 2264 265 2336 solaque
273 2263 406 2318 Naiadum
415 2262 491 2318 celeri
503 2281 556 2318 non
568 2271 628 2318 nota
637 2263 744 2317 Dianae.

103 2351 141 2393 305
156 2339 237 2411 Saepe
247 2357 310 2393 suas
320 2338 359 2392 illi
370 2337 439 2392 lama
449 2347 489 2392 est
500 2338 601 2393 dixisse
610 2356 725 2393 sorores:

157 2413 280 2479 Salmaci,
301 2413 342 2467 vel
355 2412 473 2468 iaculum
482 2413 523 2468 vel
533 2414 617 2486 pictas
626 2430 703 2468 sume
711 2412 857 2485 pharetras,

154 2496 183 2542 et
192 2497 236 2543 tua
248 2506 310 2544 oum
321 2489 396 2543 duris
405 2489 545 2544 venatibus
555 2489 606 2543 otia
617 2488 708 2544 misce.

157 2563 211 2617 Nec
220 2563 336 2619 iaculum
347 2564 438 2629 sumit,
460 2581 507 2618 nec
517 2565 599 2636 pictas
609 2563 654 2619 illa
663 2564 808 2635 pharetras,

159 2654 206 2691 nec
215 2656 264 2692 sua
273 2656 335 2692 cum
346 2638 421 2693 duris
435 2640 574 2694 venatibus
584 2639 636 2694 otia
646 2641 752 2692 miscet:

96 2721 141 2764 aso
151 2711 203 2766 sed
208 2713 290 2769 modo
298 2712 371 2770 lonte
378 2732 429 2773 suo
437 2713 566 2783 formosos
577 2713 677 2788 perluit
685 2721 772 2768 artus:
