1874 2940
175 115 553 162 METAMORPHOSEON
570 116 639 161 LIB.
652 117 683 162 11.
768 115 800 167 35

59 216 209 271 exanimata
218 215 312 270 iacent.
342 215 435 286 Ipsum
444 232 552 287 quoque
560 217 642 270 Nerea
652 215 722 271 fama
731 226 780 283 eat,

60 291 221 361 Doridaque,
245 297 271 344 et
280 297 365 355 natas,
385 289 482 361 tepidis
492 289 600 344 latuisse
609 290 661 345 suh
671 289 763 346 antris.

60 368 110 420 Ter
120 367 261 436 Neptunus
270 365 349 436 aquis
360 381 424 419 cum
433 372 507 420 torvo
516 364 624 418 brachia
638 363 715 420 vultu
818 378 856 420 270

60 456 180 494 exserere
189 457 272 494 ausus
280 446 349 494 erat:
371 446 409 493 ter
419 457 471 494 nou
482 438 543 493 tulit
553 439 621 492 ae'ris
631 439 716 511 ignes.

61 513 139 568 Alma
148 520 237 568 tamen
247 512 347 579 Tellus,
368 522 398 568 ut
408 522 462 568 erat
470 512 632 568 circumdata
641 520 732 583 ponto.

62 590 130 642 inter
139 605 222 660 aquas
233 587 330 661 pelagi,
351 595 549 659 contractosque
559 585 782 657 undiquesontcs,

62 663 110 733 qui
121 679 150 716 se
162 662 334 716 condiderant
343 662 371 716 in
381 680 477 734 opacae
486 663 586 718 uiscera
597 661 698 726 matris,

62 735 172 792 sustulit
181 735 324 792 omnifercs
332 736 399 791 coilo
410 745 485 792 tenus
498 737 571 791 arida
580 735 681 800 vultus,
820 747 858 789 πῖ»

62 811 239 882 opposuitque
249 828 359 865 manum
370 810 464 867 fronti:
485 828 636 884 magnoque
646 818 757 865 tremore

62 885 152 939 omnia
162 886 314 940 concutiens
323 885 435 956 paulum
444 885 579 954 subsedit3
604 883 717 950 etinira,

63 976 146 1029 quam
156 959 221 1013 solet
231 977 299 1025 esse,
321 960 385 1015 fuit:
407 976 534 1031 sacraque
544 960 580 1013 ita
590 976 653 1015 voce
663 958 749 1014 locuta
759 965 811 1014 est:

63 1032 91 1086 Si
106 1031 191 1102 placet
200 1032 250 1086 hoc
259 1033 407 1104 meruique,
419 1033 486 1105 quid
494 1050 511 1089 0
519 1041 566 1087 tua
575 1031 689 1087 fulmina
699 1041 812 1097 cessant,

64 1123 170 1160 summe
181 1105 280 1160 deum?
298 1107 394 1171 Liceat,
413 1108 546 1176 periturae
554 1106 659 1160 viribus
669 1106 750 1178 ignis,
821 1118 860 1160 28⁰

65 1179 127 1251 igne
139 1181 224 1249 perire
233 1187 289 1242 tuo,
309 1177 464 1248 clademque
473 1185 578 1232 auctore
589 1177 685 1231 levare.

66 1253 118 1306 Vix
126 1250 250 1322 equidem
261 1250 349 1304 fauces
359 1250 423 1303 haec
432 1251 491 1319 ipsa
500 1249 529 1302 in
537 1248 619 1302 verba
628 1248 744 1318 resolvo3

65 1324 206 1396 (presserat
214 1340 259 1376 cra
269 1323 376 1394 vap0r3)
396 1331 476 1377 costos
486 1338 519 1377 cn
532 1321 637 1393 adspice
645 1321 741 1388 crines,

66 1399 151 1469 inque
160 1395 245 1451 oculis
255 1394 360 1452 sumum
370 1404 396 1452 et
405 1405 507 1453 tantum
517 1414 599 1469 super
607 1414 653 1452 ora
662 1395 782 1456 favillae:

66 1474 154 1527 Hosne
164 1469 232 1524 mihi
242 1469 353 1538 fructus,
375 1473 447 1527 hunc
458 1471 598 1528 fertilitatis
607 1472 734 1529 honorem
822 1487 861 1530 285

65 1545 201 1618 officiique
210 1544 300 1611 msere,
328 1547 400 1619 quud
409 1547 507 1603 adunci
519 1546 630 1603 vulnera
641 1548 730 1614 aratri,

65 1630 265 1692 rastrorumque
273 1621 336 1686 iero,
356 1630 461 1695 totoque
470 1640 592 1678 exerceor
600 1621 690 1678 anno?

65 1696 137 1770 quod
146 1696 232 1767 pecori
246 1695 365 1761 frondes,
385 1697 563 1769 alimentaque
572 1697 656 1762 mitia,
677 1696 719 1752 fru
739 1715 777 1762 es,

65 1771 184 1825 humano
193 1771 297 1843 generi,
318 1772 395 1827 vohis
407 1789 515 1845 quoque
524 1782 583 1826 tura
593 1714 739 1826 ministro&

66 1844 214 1899 Sedtamen
224 1846 337 1900 exitium
346 1844 387 1899 fac
397 1863 439 1900 me
448 1846 591 1901 meruisse:
617 1844 684 1916 quid
692 1846 789 1910 undae,
824 1857 862 1899 290

65 1918 132 1991 quid
142 1919 240 1973 meruit
248 1918 345 1974 irater?
363 1920 418 1975 Cur
427 1920 467 1975 illi
477 1920 570 1975 tradita
580 1928 649 1975 sorte

66 2011 180 2065 aequora
190 1992 353 2059 decrescunt,
376 2003 401 2050 et
409 1995 442 2050 ab
455 1995 558 2049 aethere
568 1993 675 2066 longius
688 1991 805 2048 absunt?

65 2067 143 2134 Quod
155 2068 178 2121 si
188 2085 236 2123 nee
246 2067 343 2134 fratria,
364 2086 413 2124 nec
422 2077 447 2124 te
460 2086 519 2123 mea
527 2068 611 2142 gratia
620 2068 719 2141 tangit3

66 2149 93 2196 at
104 2141 169 2197 eceli
180 2142 304 2197 miserere
317 2143 366 2197 tui.
397 2143 577 2214 Circumspice
589 2142 730 2213 utrinqu03

67 2214 152 2270 fumat
161 2223 272 2289 uterque
280 2215 373 2288 polus:
398 2236 467 2291 quos
476 2218 500 2271 si
510 2217 647 2273 violaverit
656 2216 738 2290 ignis,
825 2226 863 2269 295

66 2291 133 2344 atria
142 2297 228 2345 vestra
238 2298 325 2346 ruent.
354 2291 427 2347 Atlas
437 2309 471 2347 en
483 2292 541 2362 ipse
555 2290 666 2346 laborat:

67 2364 168 2436 vixque
177 2368 234 2419 suis
245 2365 365 2420 humeris
374 2366 530 2421 candentem
540 2365 654 2419 sustinet
663 2380 750 2418 axem.

68 2438 96 2492 Si
109 2437 184 2503 freta,
205 2457 229 2492 si
239 2446 321 2493 terrae
330 2448 451 2510 pereunt,
472 2440 495 2493 si
506 2439 578 2512 regia
587 2437 667 2506 coeli;

68 2512 98 2566 in
107 2514 187 2568 chaos
197 2514 337 2583 antiquum
348 2513 548 2569 confundimur.
572 2513 653 2582 Eripe
664 2511 788 2575 flammis,

69 2586 93 2640 si
103 2587 169 2658 quid
179 2587 267 2642 adhuc
276 2596 410 2660 superest:
430 2596 457 2643 et
465 2585 884 2643 ieiumeuuaxucaxmme-um
