1874 2940
158 53 534 100 mnnnnonnnosnon
553 58 624 100 mn.
644 58 712 102 xm
757 50 807 105 377

65 153 717 225 aequorisexpertesspectatllcreamquePeloros.

64 229 139 282 Hanc
148 227 265 282 subeunt
274 227 367 281 Teucri
376 228 465 293 ramis,
486 234 614 299 aestuque
622 230 738 286 secundo

65 302 118 356 sub
128 309 229 356 noctem
239 302 339 372 potitur
347 300 472 357 Zanclaea
482 300 575 357 classis
584 319 673 359 arena.

65 377 99 431 Sc
119 375 153 430 lla
163 375 232 431 latus
242 376 375 442 dextrum,
393 375 499 432 laevum
509 377 650 450 irrequieta
658 377 806 452 Charybdis
820 393 860 438 777

10 492 13 505 .
64 394 201 506 inlinunt.
230 451 310 506 Vocat
319 450 384 506 haec
392 460 480 523 raptas
490 452 655 525 revomitque
663 454 780 510 carinae:

64 524 112 580 illa
121 524 184 580 ieris
193 531 277 581 atram
285 524 398 582 canibus
407 527 572 602 succingitur
581 526 682 594 alvum,

64 601 179 675 virginis
188 618 234 658 cra
245 617 354 676 gerens:
375 612 410 667 el,
430 601 455 656 si
464 619 518 658 non
526 602 616 658 omnia
624 612 697 659 vates

65 676 126 731 ficta
135 675 310 750 reliquerunt,
326 676 420 749 aliquo
429 694 537 750 quoque
548 688 663 751 campore
672 680 757 754 virgo.

64 751 139 807 Hanc
149 752 228 808 multi
237 754 336 824 petiere
344 752 432 825 proci:
452 753 554 824 quibus
564 752 608 808 illa
619 753 733 827 repulsis
820 765 860 808 775

65 826 99 880 ad
108 826 195 901 pelagi
204 826 353 900 Nymphas,
373 825 460 897 pelagi
470 827 621 898 gratissima
630 831 773 903 Nymphis,

10 954 12 963 ,
64 901 130 964 ibat,
151 909 177 954 et
185 899 412 954 elascaiuvcnum
421 900 545 953 narrabat
553 917 665 957 amores.

10 972 12 993 ²
66 974 167 1041 Quam,
187 972 253 1028 dum
264 971 405 1043 pectendos
415 973 523 1042 praebat
532 972 637 1028 Galatea
647 976 766 1046 capillos,

65 1048 165 1102 talibus
174 1045 327 1119 alloquitur,
348 1053 467 1118 repetens
477 1046 605 1117 suspiria,
626 1048 718 1105 dictis:

65 1120 279 1188 Telamonem
312 1137 337 1187 o,
358 1137 443 1195 genus
453 1120 526 1176 haud
534 1120 636 1177 immite
646 1124 766 1180 virorum
821 1133 860 1180 747

10 1206 18 1267 ᾖ·
65 1198 176 1270 expetit:
196 1203 280 1268 utque
299 1195 362 1261 acis,
383 1194 630 1268 poteshiaimpune
642 1216 660 1252 n
694 1215 751 1254 are:

66 1281 92 1327 at
101 1273 177 1337 mihi,
196 1271 241 1326 cni
249 1277 324 1342 pater
332 1277 373 1325 est
381 1272 492 1336 Nereus,
512 1287 595 1343 quam
604 1273 793 1328 caemaboris

14 1360 18 1369 ·
65 1348 144 1403 enixa
153 1352 206 1412 eet,
226 1362 367 1418 quaecum
377 1344 454 1400 turba
463 1362 571 1418 quaqua
580 1353 775 1413 tutasorcrum

13 1416 25 1485 l
66 1440 121 1478 non
131 1421 183 1477 nisi
192 1437 240 1492 per
249 1419 346 1476 fluctus
356 1419 431 1476 licuit
440 1418 563 1494 Cyclopia
576 1438 693 1478 amorem

13 1488 21 1519 ³
65 1496 193 1570 effugere:
213 1502 239 1550 et
248 1493 371 1551 lacrimae
380 1511 471 1553 vocem
480 1495 624 1568 impediere
633 1497 775 1571 loquentia.
820 1505 859 1551 775

66 1572 138 1639 Quae
147 1571 195 1627 ubi
204 1587 351 1628 marmoreo
360 1570 467 1626 detersit
475 1569 570 1643 pollice
578 1572 663 1646 virgo,

66 1654 92 1701 ct
100 1645 181 1702 solata
192 1645 268 1701 deam
278 1653 332 1715 aaa,
352 1644 443 1710 Refer,
464 1646 641 1711 ocarieeima,
662 1646 738 1712 dixit,

66 1738 132 1778 neve
140 1720 180 1777 tui
190 1737 313 1778 causeam
321 1727 380 1795 tege
388 1717 459 1794 (eum
468 1719 517 1774 tibi
527 1719 600 1795 fida,)
612 1720 719 1777 doloris.

64 1797 156 1853 Nereis
165 1796 210 1853 hia
219 1803 308 1854 contra
316 1802 433 1852 resecuta
444 1793 578 1851 Crataeide
587 1804 676 1853 natam
685 1806 738 1853 est:

66 1872 202 1941 Aciserat,
223 1869 787 1946 FaunoNymphaqncSymaethidecretus,
820 1885 860 1929 757

10 2004 24 2034 =
65 1947 776 2080 77777777777777777777777777·

10 2094 19 2153 l
65 2093 190 2168 pulcher:
211 2102 245 2163 et,
266 2100 366 2152 octonis
375 2099 472 2152 iterum
483 2097 615 2154 natalibus
626 2100 701 2164 actia,

65 2170 182 2242 signarat
191 2174 293 2222 tenerae
302 2168 384 2225 dubia
394 2171 520 2243 lanugine
529 2171 623 2227 malas.

64 2245 213 2316 Hancegc,
233 2241 398 2316 maCyclops
410 2245 485 2300 nullo
494 2262 557 2300 cum
569 2246 622 2300 fine
630 2243 743 2315 petebat.
820 2253 859 2296 755

10 2334 16 2361 l
64 2321 128 2384 Nec,
149 2318 172 2371 si
182 2315 336 2389 quaesieris,
356 2318 448 2373 odium
459 2317 590 2392 Cyclopis,
611 2334 719 2372 amorne

10 2396 20 2495 ἑ
65 2388 280 2458 Acidisinnobis
290 2388 369 2445 luerit
378 2393 549 2463 praesentior,
570 2392 656 2447 edam.

65 2471 116 2524 Par
125 2475 269 2537 utrumque
280 2462 339 2519 luit.
369 2467 429 2532 Pro,
450 2475 549 2538 quanta
559 2465 673 2537 potentia
683 2465 758 2539 regni

65 2551 113 2610 est,
127 2542 217 2630 Venus
228 2538 305 2608 alma,
321 2540 375 2597 tuil
405 2542 509 2616 Nempe
516 2539 822 2606 illeimnin'xa,ea'xpa‘a
