1874 2940
121 137 153 191 82
300 141 329 188 P.
349 141 475 188 ovum
493 142 660 189 NASONIS

121 240 244 314 perdidit,
264 239 367 298 infelix.
396 243 444 297 Est
454 241 553 297 etmihi
565 242 638 298 sortis
649 245 677 299 in
687 261 772 300 unum

67 330 106 372 150
120 317 170 372 hcc
180 334 291 375 munus:
313 325 385 373 estet
393 335 476 381 amor,
487 316 560 371 dabit
569 317 613 373 hic
622 321 649 374 in
659 318 769 376 vulnere
779 323 860 381 vires.

121 391 268 464 Persequar
280 393 441 448 extinctum:
463 391 560 462 letique
571 393 719 449 miserrima
729 396 802 451 dicar

121 483 216 522 caussa
226 483 367 540 comesque
376 465 429 520 tui:
450 465 630 537 quiqueame
639 477 723 523 morte
734 473 825 528 revelli

122 541 176 597 heu
185 542 241 599 scia
250 550 363 615 poteras,
383 541 480 611 poteris
490 557 538 594 nec
547 548 630 596 morte
640 542 740 599 revelli.

123 617 177 673 Hoc
186 625 273 673 temen
283 615 422 671 amborum
431 614 520 669 verbis
530 617 711 688 estotercgnti‚

69 702 108 746 155
123 690 264 748 omuitum
273 688 418 760 miserique
426 689 478 743 mei
489 688 616 760 illiusque
625 698 756 760 parentes,

124 773 163 831 ut,
184 783 252 837 quos
262 770 349 819 certus
359 780 442 828 emor,
453 780 521 833 quos
531 763 595 817 hora
605 763 751 818 novissima
762 765 863 835 iunxit,

123 840 246 911 componi
258 835 361 892 tumulo
371 854 424 892 non
438 836 578 892 invidentis
587 837 688 893 ecdem.

124 912 158 969 At
168 921 206 979 tu,
227 929 295 985 quac
305 911 387 966 remis
396 911 474 967 arbor
484 911 633 967 miserabile
641 928 737 984 corpus

125 1004 197 1044 nunc
205 986 272 1061 tegis
281 986 374 1053 unius,
394 987 741 1056 merestectureduornm3

72 1075 110 1118 tet
125 1064 201 1136 signa
212 1060 378 1118 teneceedis:
399 1061 551 1136 pullosque,
571 1070 598 1118 et
607 1062 723 1119 luctibus
732 1070 807 1135 aptos

124 1153 229 1208 semper
238 1136 306 1193 habe
315 1137 409 1204 foetus,
430 1138 531 1213 gemini
542 1147 712 1195 monumenta
721 1141 834 1196 cruoris.

124 1210 208 1268 Dixit:
229 1220 255 1268 et
266 1220 352 1286 aptato
360 1222 453 1287 pectus
465 1232 592 1271 mucrone
600 1215 653 1271 sub
665 1215 752 1270 imum

124 1288 247 1344 incubuit
260 1288 340 1360 ierrn3
361 1291 434 1364 quod
442 1290 530 1347 adhuc
543 1290 645 1346 ncnede
657 1291 769 1363 tepebat.

124 1363 190 1419 Vota
199 1372 286 1421 temen
296 1366 402 1439 tetigere
411 1366 483 1433 deos,
505 1367 611 1441 tetigere
619 1372 750 1438 parentes.

71 1449 110 1493 155
124 1438 191 1493 Nam
201 1439 271 1494 color
284 1441 311 1495 in
321 1458 400 1512 pomo
408 1450 457 1505 est,
478 1442 525 1496 ubi
538 1441 721 1513 permaturuit,
744 1446 811 1494 ater:

124 1513 251 1586 quodque
259 1516 330 1588 rogis
340 1523 470 1585 superest,
491 1533 545 1570 une
554 1515 695 1586 requiescit
704 1514 734 1567 in
744 1531 821 1569 uma.

161 1588 290 1657 Desiernt;
321 1589 494 1659 mediumque
513 1587 563 1644 iuit
581 1589 661 1644 breve
679 1596 799 1660 tempus;
841 1600 867 1646 ct

600 1669 707 1717 orenest

125 1737 212 1794 dicere
221 1738 370 1794 Leuconod:
391 1754 483 1793 vocem
492 1743 599 1791 tenuere
607 1754 723 1792 sorores:

127 1815 329 1886 Huncquoque‚
350 1812 450 1868 siderea
459 1812 507 1884 qui
517 1818 644 1882 temperat
652 1813 742 1867 omnin
751 1812 818 1880 luce,

73 1901 112 1944 tte
126 1889 194 1960 cepit
203 1906 277 1944 emor
286 1887 383 1943 Solem.
414 1886 483 1942 Sciis
496 1885 639 1942 referemus
649 1904 761 1941 umores.

127 1964 233 2018 Primus
244 1961 404 2019 adulterium
413 1962 523 2019 Veneris
534 1979 596 2016 cum
605 1962 687 2017 Marte
696 1968 805 2033 putetur

127 2039 171 2092 hic
182 2039 281 2094 vidisse
290 2039 370 2093 deus:
392 2037 463 2094 videt
471 2036 515 2092 hic
524 2036 590 2092 deus
601 2036 691 2093 omnia
700 2036 814 2108 primus.
876 2071 879 2075 ·

128 2113 243 2169 indoluit
257 2112 338 2169 iacto:
359 2113 591 2186 Iunonigenaeque
600 2112 695 2167 merito

127 2187 197 2244 furta
206 2190 265 2254 teri,
286 2187 404 2261 furtique
413 2187 500 2244 locum
509 2187 675 2244 monstravit.
704 2186 792 2242 111115

73 2275 113 2317 155
127 2271 152 2318 et
162 2282 248 2330 mens,
272 2272 297 2318 et
307 2264 378 2337 quod
391 2281 458 2335 opus
467 2261 570 2317 fabrilis
579 2262 670 2318 dextre
678 2263 791 2328 tenebat,

127 2339 233 2394 excidit.
261 2337 401 2410 Extemplo
409 2337 520 2413 graciles
530 2355 563 2393 cx
573 2355 631 2393 nere
640 2345 753 2404 catenas,

127 2414 254 2486 retiaque,
274 2413 425 2485 etinqueos,
446 2412 726 2485 quaeluminniallere
734 2410 847 2485 possint,

129 2487 229 2545 elimet.
259 2491 318 2545 Non
328 2488 395 2544 illud
405 2506 473 2561 opus
483 2489 639 2544 tenuissime
649 2491 758 2545 vincent

129 2565 252 2630 stamine,
275 2583 328 2621 non
342 2582 449 2620 summo
458 2583 526 2637 quae
534 2566 631 2638 pendet
639 2581 733 2621 aranea
747 2562 831 2636 tigno.

71 2648 115 2690 teo
127 2637 294 2710 thueieves
306 2649 403 2710 tectus,
425 2650 612 2717 momentaque
621 2657 705 2715 perun
713 2644 868 2711 sequantur,

89 2882 121 2908 Δ
221 2886 244 2908 Ι.
