1874 2940
155 126 204 180 358
342 125 370 175 P.
391 129 519 176 0v11>11
537 130 702 178 NASONIS

153 233 247 288 Nostra
252 248 360 304 quoque
370 231 488 303 ipsorum
494 247 608 302 semper,
619 231 764 304 requieque
769 233 901 302 sineulla‚·

100 320 139 364 215
153 324 261 380 corpore
270 314 423 363 vertuntur:
446 323 494 360 nec
503 306 576 377 quod
586 305 736 372 fuimusve,
756 325 898 375 summus,

154 383 332 438 eraserimus.
363 380 479 436 Fuitille
489 380 556 446 dies,
576 398 639 453 qua,
662 382 881 439 seminetsntum

154 475 269 530 spesque
287 457 427 513 hominum
448 455 563 526 primae,
585 464 702 584 matslrnr
716 455 901 516 habitavimus

633 549 647 585 a
660 548 702 586 vo.

153 606 274 662 Artifices
284 608 383 662 Natura
393 623 490 662 munus
500 605 630 660 admovit:
651 606 748 678 etengi

154 699 262 753 corpora
272 681 420 737 viseeribus
429 680 558 734 distentae
567 680 671 735 condita
680 679 773 735 metris

100 768 139 813 22⁰
154 756 249 820 noluit,
270 754 533 827 equedomovacues
543 753 632 809 emisit
644 756 672 809 in
682 773 770 810 eures.

153 831 249 885 Editus
259 829 287 883 in
298 827 385 882 lucem
395 827 476 882 iacuit
485 828 544 883 sine
553 829 657 884 viribus
667 828 770 885 inians:

154 921 217 958 mox
226 902 504 976 quadrupedumque
514 901 575 959 tulit
582 922 630 959 sua
639 905 759 960 membra
768 903 898 963 ferarum:

154 975 338 1052 paulatimque
347 986 472 1047 tremens,
493 987 519 1035 et
529 979 647 1036 nondum
657 979 756 1052 poplite
766 980 846 1037 firmo

153 1054 279 1120 constitit,
300 1053 398 1111 adiutis
407 1055 497 1128 aliquo
506 1055 644 1112 dommine
658 1055 756 1109 nervis.

100 1141 139 1186 225
153 1129 217 1184 lnde
227 1129 319 1186 valens
328 1131 459 1203 veloxque
468 1130 533 1186 fuit:
555 1130 725 1202 spatiumque
735 1130 859 1187 iuventae

153 1205 257 1271 transit,
277 1213 311 1271 et,
331 1207 447 1261 emensis
456 1205 537 1260 medii
547 1221 654 1277 quoque
665 1204 789 1276 temporis
800 1209 889 1274 annis,

154 1279 252 1336 labitur
261 1280 386 1337 occiduae
395 1299 442 1353 per
452 1282 501 1336 iter
510 1280 610 1335 declive
620 1286 747 1335 senectae.

153 1353 265 1411 Subruit
275 1356 339 1410 haee
348 1359 406 1411 nevi
416 1355 610 1428 demoliturque
619 1356 715 1427 prioris

154 1430 261 1486 robore:
282 1429 379 1503 fletque
387 1430 470 1488 Milon
480 1431 581 1497 senior,
601 1448 687 1503 quum
697 1437 797 1502 spectat
806 1431 901 1488 inanes

102 1515 140 1559 220
155 1503 226 1570 illos,
237 1504 284 1576 qui
296 1503 400 1561 fuerant
411 1506 557 1562 solidorum
568 1504 637 1562 mole
646 1513 764 1561 tororum

154 1579 288 1635 Herculeis
297 1579 409 1648 similes,
430 1580 525 1637 fluidos
535 1580 649 1652 pendere
659 1580 777 1636 lacertos.

154 1654 211 1711 Flet
221 1672 341 1729 quoque,
361 1656 429 1712 utin
441 1655 579 1729 speculum
590 1674 671 1730 rugas
681 1655 802 1728 adspexit
814 1656 900 1712 aniles

154 1730 300 1805 Tyndaris:
321 1739 457 1799 etsecum.
478 1749 526 1788 eur
536 1732 571 1787 sit
581 1731 624 1788 bis
634 1739 717 1804 repta,
738 1731 859 1805 requirit.

155 1805 272 1877 Tempus
281 1806 348 1862 edax
358 1825 458 1874 rerum,
479 1814 562 1881 tuque
571 1807 703 1864 invidiosa
712 1813 839 1872 vetustas,

100 1889 139 1934 235
154 1881 244 1933 omnir
252 1879 397 1950 destruitis,
418 1885 562 1955 vitiataque
571 1882 696 1937 dentibus
706 1883 764 1939 sevi

154 1950 283 2025 paulatim
292 1951 362 2009 lenta
371 1957 529 2012 eonsumitis
541 1956 630 2011 omnia
639 1964 732 2012 morte.

154 2027 223 2082 llaec
232 2041 341 2098 quoque
350 2045 405 2083 nnn
417 2035 549 2101 perstent,
568 2045 638 2100 quse
651 2048 700 2085 nos
714 2031 840 2088 elementa
850 2047 899 2085 vo-

631 2120 739 2162 nemus:

154 2194 278 2252 quasque
286 2176 358 2234 vices
367 2183 503 2253 peragent,
515 2174 627 2250 (animos
637 2180 779 2254 adhibete)
788 2180 896 2237 doeebo.

192 2253 311 2322 Qustuor
318 2261 440 2311 aeternus
449 2251 573 2327 genitalia
583 2271 691 2329 eorpom
703 2255 823 2312 mundus

101 2333 140 2382 240
154 2329 284 2386 eontinet:
304 2347 337 2387 ex
347 2328 401 2385 illis
411 2329 464 2385 duo
474 2338 538 2384 sunt
550 2347 668 2398 onerose,
688 2348 792 2403 suoque

153 2404 270 2476 pondere
280 2405 308 2461 in
318 2405 439 2472 inferius,
460 2402 539 2460 tellus
552 2405 721 2478 etqueunda‚
741 2405 879 2460 feruntur:

155 2484 181 2532 et
190 2480 298 2535 totidem
306 2480 434 2554 gravitate
442 2488 545 2534 carent:
567 2481 695 2553 nulloque
703 2488 839 2550 premente

143 2550 200 2608 elle
204 2561 314 2627 petunt,
337 2557 392 2626 se'r,
415 2561 495 2629 atque
505 2557 563 2610 sere
572 2555 663 2628 purior
672 2555 754 2628 ignis.

128 2625 398 2710 Quaequemquam
409 2634 501 2712 spatio
511 2631 625 2697 distant.
640 2628 906 2685 tsmsnnmdmliunt
