1874 2940
121 119 153 169 80
307 123 339 169 1².
360 126 489 175 0v1n11
507 128 674 176 NASONIS

66 236 92 279 15
119 221 209 278 icllcrc
218 221 340 278 custodes
350 222 506 298 foribusque
514 229 638 283 excedere
648 233 759 284 tentent:

120 314 261 371 quumque
270 297 349 357 dome
358 301 484 365 exieriut,
505 303 580 356 urbis
590 321 697 376 quoquc
709 310 775 360 tecta
785 305 869 362 reliu-

621 387 698 434 uunt:

122 464 189 503 neve
198 448 233 503 sit
242 447 383 504 errandum
393 447 445 502 isto
453 395 630 519 spatiantibiis
641 470 713 517 urvo,

120 521 409 579 conveniautadbusu
419 523 498 586 Nini,
520 522 668 595 lateantque
677 527 729 580 sub
739 529 837 584 umbre

121 597 234 654 arboris.
263 596 348 651 Arbor
358 595 411 659 ini,
432 596 518 650 uiveis
529 598 662 652 uberrima
672 601 769 669 pomis,

67 680 93 724 00
120 672 312 732 00001110οω0,
332 677 396 731 erut,
416 670 504 742 gelido
513 672 675 726 contermina
685 672 761 729 souti.

122 745 198 799 Pactu
209 745 325 815 placent:
346 749 371 794 et
382 742 438 808 iux,
460 744 532 797 tarde
541 744 665 799 decedere
674 747 741 810 visa,

121 819 306 889 praecipitetur
316 814 403 884 aquis,
424 826 450 871 et
459 819 536 888 aquis
548 835 600 872 uox
610 819 664 872 exit
673 820 707 873 eb
717 818 813 876 isdem.

121 890 221 948 Callida
232 906 278 961 per
288 889 419 954 tenebras,
440 900 543 946 versuto
553 892 668 958 cardine,
690 893 789 946 Thisbe

121 964 263 1039 egreditur,
284 961 405 1034 fallitque
415 983 493 1022 suos:
514 966 690 1039 adopertaque
702 966 807 1022 vultum

67 1053 93 1097 05
120 1037 282 1113 pervenitad
292 1037 441 1097 tumulum:
462 1042 584 1115 dictuque
594 1043 645 1098 suh
658 1042 750 1098 arbore
759 1041 837 1098 sedit.

120 1112 254 1170 Audacem
266 1113 468 1174 iaciebatamor.
497 1118 748 1175 Venitcccerecenti

120 1188 198 1245 caede
209 1189 297 1248 isaeus
307 1192 389 1248 boum
399 1203 555 1266 spumantes
565 1193 646 1252 oblim
655 1195 747 1260 ricius

120 1262 272 1337 depositura
283 1269 355 1324 sitim
368 1270 448 1327 vicini
460 1271 539 1328 fontis
548 1271 576 1326 in
590 1270 673 1326 unda.
700 1311 703 1316 ·

121 1337 208 1406 Quam
218 1346 309 1415 procui
321 1346 354 1401 ad
364 1347 455 1403 Lunae
466 1349 552 1403 radios
562 1345 708 1421 Babylonia
718 1344 817 1400 Thisbe

68 1426 107 1468 100
121 1414 202 1470 vidit:
223 1429 249 1472 et
256 1420 400 1475 obscurum
413 1424 505 1478 timido
517 1423 581 1494 pede
591 1422 659 1495 sugit
668 1423 695 1477 in
706 1427 828 1476 autrum:

121 1489 242 1561 dumque
252 1491 329 1564 fugit,
350 1503 423 1566 tergo
432 1497 563 1551 velamina
574 1497 645 1566 lapsu
656 1497 772 1568 reliquit.

125 1564 209 1619 Utica
221 1583 298 1619 sueva
308 1567 379 1619 sitim
392 1569 476 1622 multa
485 1570 648 1639 compescuit
659 1570 742 1634 unda,

123 1639 189 1695 dum
200 1639 267 1694 redit
280 1639 307 1693 in
318 1639 409 1704 siivas,
432 1641 554 1696 inventos
562 1642 627 1695 sorte
637 1641 696 1694 sinc
704 1642 762 1712 ipsu

122 1732 167 1770 ore
176 1722 311 1770 cruentato
320 1723 412 1768 tenues
423 1713 533 1769 laniavit
541 1714 665 1768 amictus.

70 1799 109 1842 105
124 1789 215 1845 Serius
225 1807 347 1863 egressus
361 1789 472 1862 vestigia
483 1789 550 1843 vidit
560 1789 588 1842 in
599 1787 651 1842 0100

123 1865 233 1936 pulvere
242 1873 310 1918 certa
321 1863 402 1928 ierac,
424 1872 529 1934 totoque
538 1861 667 1933 expalluit
676 1879 719 1916 ore

125 1941 265 2014 Pyramus.
278 1940 312 1993 Ut
321 1955 383 1992 vero
392 1946 491 1993 vestem
501 1954 609 2010 quoque
618 1939 749 2010 sauguine
758 1941 868 1996 tinctam

125 2017 233 2087 reperit3
254 2013 398 2078 Unaduus,
419 2014 522 2084 iuquit,
537 2030 589 2067 uox
599 2012 689 2082 perdet
697 2023 828 2070 amantes:

125 2090 249 2162 equibus
258 2088 303 2143 iiia
313 2089 365 2142 suu
375 2087 451 2161 ionga
461 2087 621 2160 dignissima
632 2087 697 2141 vita:

71 2174 111 2216 110
126 2173 214 2220 nostra
224 2181 321 2219 nocens
331 2163 419 2218 anima
428 2169 476 2217 est.
487 2162 749 2235 Egotemiseranda,
757 2167 867 2236 peremi,

126 2240 154 2295 in
165 2239 220 2296 loca
231 2238 308 2311 plena
318 2248 405 2293 metus
417 2255 465 2310 qui
476 2237 542 2290 iussi
555 2244 628 2292 nocte
637 2238 754 2294 venires:

127 2332 175 2370 nec
184 2314 255 2387 prior
265 2314 318 2368 huc
327 2314 398 2368 veui.
426 2315 553 2368 Nostrum
563 2311 679 2367 divellite
688 2330 793 2386 corpus,

126 2397 152 2444 et
163 2389 285 2445 scelerata
295 2387 349 2444 fero
361 2388 509 2444 consumite
519 2388 619 2442 viscera
628 2406 727 2455 morsu,

126 2466 306 2537 oquicunque
316 2464 368 2518 sub
377 2463 427 2518 hac
436 2463 560 2518 habitatis
570 2480 636 2533 rupe
646 2463 743 2520 leones.

73 2547 112 2588 115
127 2537 179 2593 Sed
188 2540 273 2595 timidi
284 2548 324 2595 est
332 2548 421 2611 optare
432 2556 533 2595 necem.
565 2538 700 2595 Velamina
708 2538 819 2593 Thisbes

128 2613 208 2679 tollit,
232 2623 258 2671 et
267 2616 301 2671 ad
308 2624 398 2688 pactae
407 2633 497 2671 secum
508 2614 558 2669 fert
567 2615 669 2671 arboris
677 2613 808 2669 umbram.
