<?xml version="1.0" encoding="UTF-8"?>
<!DOCTYPE html PUBLIC "-//W3C//DTD XHTML 1.0 Transitional//EN"
    "http://www.w3.org/TR/xhtml1/DTD/xhtml1-transitional.dtd">
<html xmlns="http://www.w3.org/1999/xhtml" xml:lang="en" lang="en">
 <head>
  <title>
</title>
<meta http-equiv="Content-Type" content="text/html;charset=utf-8" />
  <meta name='ocr-system' content='tesseract 3.04.00' />
  <meta name='ocr-capabilities' content='ocr_page ocr_carea ocr_par ocr_line ocrx_word'/>
</head>
<body>
  <div class='ocr_page' id='page_1' title='image "./povidiinasoniso01ovidgoog_0154.png"; bbox 0 0 1874 2940; ppageno 0'>
   <div class='ocr_carea' id='block_1_1' title="bbox 129 165 777 218">
    <p class='ocr_par' dir='ltr' id='par_1_1' title="bbox 129 165 777 218">
     <span class='ocr_line' id='line_1_1' title="bbox 129 165 777 218; baseline -0.003 0"><span class='ocrx_word' id='word_1_1' title='bbox 129 168 512 218; x_wconf 79' lang='lat' dir='ltr'><strong>METAMORPHOSEON</strong></span> <span class='ocrx_word' id='word_1_2' title='bbox 535 170 602 214; x_wconf 87' lang='lat' dir='ltr'>LIB.</span> <span class='ocrx_word' id='word_1_3' title='bbox 623 171 680 215; x_wconf 80' lang='lat' dir='ltr'><strong>vll.</strong></span> <span class='ocrx_word' id='word_1_4' title='bbox 730 165 777 218; x_wconf 69' lang='lat' dir='ltr'><strong>ii9</strong></span> 
     </span>
    </p>
   </div>
   <div class='ocr_carea' id='block_1_2' title="bbox 39 267 834 2572">
    <p class='ocr_par' dir='ltr' id='par_1_2' title="bbox 39 267 834 2572">
     <span class='ocr_line' id='line_1_2' title="bbox 39 267 696 344; baseline 0.005 -21"><span class='ocrx_word' id='word_1_5' title='bbox 39 271 72 323; x_wconf 88' lang='lat' dir='ltr'><strong>Ut</strong></span> <span class='ocrx_word' id='word_1_6' title='bbox 81 268 266 324; x_wconf 81' lang='lat' dir='ltr'><strong>soletaventis</strong></span> <span class='ocrx_word' id='word_1_7' title='bbox 275 267 398 324; x_wconf 79' lang='lat' dir='ltr'><strong>elimenta</strong></span> <span class='ocrx_word' id='word_1_8' title='bbox 406 284 554 333; x_wconf 83' lang='lat' dir='ltr'><strong>resumere,</strong></span> <span class='ocrx_word' id='word_1_9' title='bbox 593 286 696 344; x_wconf 83' lang='lat' dir='ltr'><strong>uaeque</strong></span> 
     </span>
     <span class='ocr_line' id='line_1_3' title="bbox 39 286 831 415; baseline 0.003 -18"><span class='ocrx_word' id='word_1_10' title='bbox 39 362 120 415; x_wconf 77' lang='lat' dir='ltr'><strong>parva</strong></span> <span class='ocrx_word' id='word_1_11' title='bbox 130 346 182 400; x_wconf 91' lang='lat' dir='ltr'><strong>sub</strong></span> <span class='ocrx_word' id='word_1_12' title='bbox 194 343 302 399; x_wconf 80' lang='lat' dir='ltr'><strong>inducte</strong></span> <span class='ocrx_word' id='word_1_13' title='bbox 311 342 388 399; x_wconf 82' lang='lat' dir='ltr'><strong>latuit</strong></span> <span class='ocrx_word' id='word_1_14' title='bbox 398 341 512 399; x_wconf 81' lang='lat' dir='ltr'><strong>scintilla</strong></span> <span class='ocrx_word' id='word_1_15' title='bbox 522 286 622 410; x_wconf 60' lang='lat' dir='ltr'><strong>invida,</strong></span> <span class='ocrx_word' id='word_1_16' title='bbox 806 358 831 399; x_wconf 79' lang='lat' dir='ltr'><strong>eo</strong></span> 
     </span>
     <span class='ocr_line' id='line_1_4' title="bbox 39 418 708 492; baseline 0.001 -19"><span class='ocrx_word' id='word_1_17' title='bbox 39 436 166 486; x_wconf 80' lang='lat' dir='ltr'><strong>erescere3</strong></span> <span class='ocrx_word' id='word_1_18' title='bbox 186 428 213 473; x_wconf 83' lang='lat' dir='ltr'><strong>et</strong></span> <span class='ocrx_word' id='word_1_19' title='bbox 221 418 248 473; x_wconf 91' lang='lat' dir='ltr'><strong>in</strong></span> <span class='ocrx_word' id='word_1_20' title='bbox 259 425 358 474; x_wconf 84' lang='lat' dir='ltr'><strong>veteres</strong></span> <span class='ocrx_word' id='word_1_21' title='bbox 371 418 467 492; x_wconf 80' lang='lat' dir='ltr'><strong>agitem</strong></span> <span class='ocrx_word' id='word_1_22' title='bbox 478 434 615 492; x_wconf 76' lang='lat' dir='ltr'><strong>resurgere</strong></span> <span class='ocrx_word' id='word_1_23' title='bbox 623 420 708 474; x_wconf 81' lang='lat' dir='ltr'><strong>vires:</strong></span> 
     </span>
     <span class='ocr_line' id='line_1_5' title="bbox 39 491 756 567; baseline 0.003 -19"><span class='ocrx_word' id='word_1_24' title='bbox 39 496 78 548; x_wconf 88' lang='lat' dir='ltr'><strong>sic</strong></span> <span class='ocrx_word' id='word_1_25' title='bbox 88 497 141 548; x_wconf 86' lang='lat' dir='ltr'><strong>iam</strong></span> <span class='ocrx_word' id='word_1_26' title='bbox 151 493 238 549; x_wconf 83' lang='lat' dir='ltr'><strong>lentus</strong></span> <span class='ocrx_word' id='word_1_27' title='bbox 247 510 330 560; x_wconf 84' lang='lat' dir='ltr'><strong>emor,</strong></span> <span class='ocrx_word' id='word_1_28' title='bbox 352 493 407 548; x_wconf 89' lang='lat' dir='ltr'><strong>iem</strong></span> <span class='ocrx_word' id='word_1_29' title='bbox 416 491 756 567; x_wconf 78' lang='lat' dir='ltr'><strong>quemlenguereputeres,</strong></span> 
     </span>
     <span class='ocr_line' id='line_1_6' title="bbox 39 567 667 640; baseline 0 -18"><span class='ocrx_word' id='word_1_30' title='bbox 39 578 70 623; x_wconf 83' lang='lat' dir='ltr'><strong>ut</strong></span> <span class='ocrx_word' id='word_1_31' title='bbox 79 568 146 624; x_wconf 86' lang='lat' dir='ltr'><strong>vidit</strong></span> <span class='ocrx_word' id='word_1_32' title='bbox 155 569 292 635; x_wconf 84' lang='lat' dir='ltr'><strong>iuvenem,</strong></span> <span class='ocrx_word' id='word_1_33' title='bbox 312 568 552 640; x_wconf 85' lang='lat' dir='ltr'><strong>speeiepraesentis</strong></span> <span class='ocrx_word' id='word_1_34' title='bbox 564 567 667 624; x_wconf 83' lang='lat' dir='ltr'><strong>inarsit.</strong></span> 
     </span>
     <span class='ocr_line' id='line_1_7' title="bbox 39 642 580 700; baseline 0.002 -3"><span class='ocrx_word' id='word_1_35' title='bbox 39 645 72 698; x_wconf 89' lang='lat' dir='ltr'><strong>Et</strong></span> <span class='ocrx_word' id='word_1_36' title='bbox 82 661 145 699; x_wconf 85' lang='lat' dir='ltr'><strong>casu</strong></span> <span class='ocrx_word' id='word_1_37' title='bbox 154 642 231 700; x_wconf 88' lang='lat' dir='ltr'><strong>solito</strong></span> <span class='ocrx_word' id='word_1_38' title='bbox 240 642 379 700; x_wconf 85' lang='lat' dir='ltr'><strong>formosior</strong></span> <span class='ocrx_word' id='word_1_39' title='bbox 387 642 490 700; x_wconf 79' lang='lat' dir='ltr'><strong>Aesone</strong></span> <span class='ocrx_word' id='word_1_40' title='bbox 502 651 580 699; x_wconf 79' lang='lat' dir='ltr'><strong>natus</strong></span> 
     </span>
     <span class='ocr_line' id='line_1_8' title="bbox 39 717 832 793; baseline 0 -21"><span class='ocrx_word' id='word_1_41' title='bbox 39 718 84 774; x_wconf 86' lang='lat' dir='ltr'><strong>ille</strong></span> <span class='ocrx_word' id='word_1_42' title='bbox 95 717 153 774; x_wconf 86' lang='lat' dir='ltr'><strong>lnoe</strong></span> <span class='ocrx_word' id='word_1_43' title='bbox 161 717 222 774; x_wconf 88' lang='lat' dir='ltr'><strong>fuit.</strong></span> <span class='ocrx_word' id='word_1_44' title='bbox 250 719 344 775; x_wconf 89' lang='lat' dir='ltr'><strong>Posses</strong></span> <span class='ocrx_word' id='word_1_45' title='bbox 354 718 490 793; x_wconf 83' lang='lat' dir='ltr'><strong>ignoscere</strong></span> <span class='ocrx_word' id='word_1_46' title='bbox 499 719 608 774; x_wconf 83' lang='lat' dir='ltr'><strong>amenti.</strong></span> <span class='ocrx_word' id='word_1_47' title='bbox 808 730 832 772; x_wconf 80' lang='lat'><strong>85</strong></span> 
     </span>
     <span class='ocr_line' id='line_1_9' title="bbox 39 792 708 867; baseline 0.003 -19"><span class='ocrx_word' id='word_1_48' title='bbox 39 794 155 865; x_wconf 77' lang='lat' dir='ltr'><strong>Speemt3</strong></span> <span class='ocrx_word' id='word_1_49' title='bbox 174 804 200 848; x_wconf 86' lang='lat' dir='ltr'><strong>et</strong></span> <span class='ocrx_word' id='word_1_50' title='bbox 209 794 238 849; x_wconf 90' lang='lat' dir='ltr'><strong>in</strong></span> <span class='ocrx_word' id='word_1_51' title='bbox 247 792 334 860; x_wconf 85' lang='lat' dir='ltr'><strong>vultu,</strong></span> <span class='ocrx_word' id='word_1_52' title='bbox 353 792 708 867; x_wconf 85' lang='lat' dir='ltr'><strong>velutitumdeniqueviso‚</strong></span> 
     </span>
     <span class='ocr_line' id='line_1_10' title="bbox 39 867 651 926; baseline 0.003 -3"><span class='ocrx_word' id='word_1_53' title='bbox 39 869 141 924; x_wconf 84' lang='lat' dir='ltr'><strong>lumine</strong></span> <span class='ocrx_word' id='word_1_54' title='bbox 151 869 204 924; x_wconf 86' lang='lat' dir='ltr'><strong>fixa</strong></span> <span class='ocrx_word' id='word_1_55' title='bbox 213 877 297 924; x_wconf 88' lang='lat' dir='ltr'><strong>tenet:</strong></span> <span class='ocrx_word' id='word_1_56' title='bbox 317 867 651 926; x_wconf 83' lang='lat' dir='ltr'><strong>neosemorteliodemens</strong></span> 
     </span>
     <span class='ocr_line' id='line_1_11' title="bbox 39 942 615 1016; baseline -0.002 -17"><span class='ocrx_word' id='word_1_57' title='bbox 39 963 83 999; x_wconf 86' lang='lat' dir='ltr'><strong>orn</strong></span> <span class='ocrx_word' id='word_1_58' title='bbox 92 944 182 999; x_wconf 85' lang='lat' dir='ltr'><strong>videre</strong></span> <span class='ocrx_word' id='word_1_59' title='bbox 191 951 280 1016; x_wconf 86' lang='lat' dir='ltr'><strong>putat:</strong></span> <span class='ocrx_word' id='word_1_60' title='bbox 301 942 615 1000; x_wconf 86' lang='lat' dir='ltr'><strong>neosedeolinntabiilo.</strong></span> 
     </span>
     <span class='ocr_line' id='line_1_12' title="bbox 39 1015 729 1090; baseline 0 -19"><span class='ocrx_word' id='word_1_61' title='bbox 39 1020 142 1072; x_wconf 86' lang='lat' dir='ltr'><strong>Utvero</strong></span> <span class='ocrx_word' id='word_1_62' title='bbox 151 1018 288 1088; x_wconf 85' lang='lat' dir='ltr'><strong>coepitque</strong></span> <span class='ocrx_word' id='word_1_63' title='bbox 300 1015 388 1090; x_wconf 83' lang='lat' dir='ltr'><strong>loqui,</strong></span> <span class='ocrx_word' id='word_1_64' title='bbox 408 1017 581 1089; x_wconf 84' lang='lat' dir='ltr'><strong>dextramque</strong></span> <span class='ocrx_word' id='word_1_65' title='bbox 590 1017 729 1090; x_wconf 83' lang='lat' dir='ltr'><strong>prehendit</strong></span> 
     </span>
     <span class='ocr_line' id='line_1_13' title="bbox 39 1089 833 1164; baseline 0 -19"><span class='ocrx_word' id='word_1_66' title='bbox 39 1093 148 1161; x_wconf 83' lang='lat' dir='ltr'><strong>hospes,</strong></span> <span class='ocrx_word' id='word_1_67' title='bbox 169 1097 195 1145; x_wconf 86' lang='lat' dir='ltr'><strong>et</strong></span> <span class='ocrx_word' id='word_1_68' title='bbox 203 1089 334 1145; x_wconf 84' lang='lat' dir='ltr'><strong>auxilium</strong></span> <span class='ocrx_word' id='word_1_69' title='bbox 343 1090 479 1147; x_wconf 84' lang='lat' dir='ltr'><strong>submisse</strong></span> <span class='ocrx_word' id='word_1_70' title='bbox 488 1107 552 1146; x_wconf 85' lang='lat' dir='ltr'><strong>voce</strong></span> <span class='ocrx_word' id='word_1_71' title='bbox 560 1092 671 1164; x_wconf 82' lang='lat' dir='ltr'><strong>rogavit,</strong></span> <span class='ocrx_word' id='word_1_72' title='bbox 808 1104 833 1146; x_wconf 81' lang='lat' dir='ltr'><strong>so</strong></span> 
     </span>
     <span class='ocr_line' id='line_1_14' title="bbox 39 1163 707 1236; baseline 0 -19"><span class='ocrx_word' id='word_1_73' title='bbox 39 1164 214 1236; x_wconf 72' lang='lat' dir='ltr'><strong>promisitque</strong></span> <span class='ocrx_word' id='word_1_74' title='bbox 223 1170 324 1232; x_wconf 85' lang='lat' dir='ltr'><strong>torum;</strong></span> <span class='ocrx_word' id='word_1_75' title='bbox 346 1164 462 1219; x_wconf 86' lang='lat' dir='ltr'><strong>lacrimis</strong></span> <span class='ocrx_word' id='word_1_76' title='bbox 471 1164 508 1218; x_wconf 89' lang='lat' dir='ltr'><strong>eit</strong></span> <span class='ocrx_word' id='word_1_77' title='bbox 519 1163 565 1217; x_wconf 81' lang='lat' dir='ltr'><strong>illa</strong></span> <span class='ocrx_word' id='word_1_78' title='bbox 576 1164 707 1236; x_wconf 87' lang='lat' dir='ltr'><strong>proinsis:</strong></span> 
     </span>
     <span class='ocr_line' id='line_1_15' title="bbox 40 1235 663 1310; baseline -0.003 -18"><span class='ocrx_word' id='word_1_79' title='bbox 40 1237 112 1305; x_wconf 87' lang='lat' dir='ltr'><strong>Quid</strong></span> <span class='ocrx_word' id='word_1_80' title='bbox 121 1237 216 1305; x_wconf 82' lang='lat' dir='ltr'><strong>faeiem</strong></span> <span class='ocrx_word' id='word_1_81' title='bbox 225 1235 316 1291; x_wconf 87' lang='lat' dir='ltr'><strong>video:</strong></span> <span class='ocrx_word' id='word_1_82' title='bbox 337 1254 385 1292; x_wconf 89' lang='lat' dir='ltr'><strong>neo</strong></span> <span class='ocrx_word' id='word_1_83' title='bbox 393 1254 437 1291; x_wconf 91' lang='lat' dir='ltr'><strong>me</strong></span> <span class='ocrx_word' id='word_1_84' title='bbox 446 1236 594 1310; x_wconf 76' lang='lat' dir='ltr'><strong>ignorantia</strong></span> <span class='ocrx_word' id='word_1_85' title='bbox 606 1239 663 1291; x_wconf 88' lang='lat' dir='ltr'><strong>veri</strong></span> 
     </span>
     <span class='ocr_line' id='line_1_16' title="bbox 39 1309 720 1383; baseline -0.006 -15"><span class='ocrx_word' id='word_1_86' title='bbox 39 1312 160 1383; x_wconf 87' lang='lat' dir='ltr'><strong>decipiet,</strong></span> <span class='ocrx_word' id='word_1_87' title='bbox 173 1309 319 1366; x_wconf 69' lang='lat' dir='ltr'><strong>‘sedamon</strong></span> <span class='ocrx_word' id='word_1_88' title='bbox 348 1309 491 1366; x_wconf 79' lang='lat' dir='ltr'><strong>servabere</strong></span> <span class='ocrx_word' id='word_1_89' title='bbox 498 1326 608 1365; x_wconf 88' lang='lat' dir='ltr'><strong>munere</strong></span> <span class='ocrx_word' id='word_1_90' title='bbox 617 1319 720 1366; x_wconf 86' lang='lat' dir='ltr'><strong>nostro:</strong></span> 
     </span>
     <span class='ocr_line' id='line_1_17' title="bbox 44 1383 676 1456; baseline -0.003 -14"><span class='ocrx_word' id='word_1_91' title='bbox 44 1393 160 1442; x_wconf 78' lang='lat' dir='ltr'><strong>servatus</strong></span> <span class='ocrx_word' id='word_1_92' title='bbox 169 1383 300 1456; x_wconf 84' lang='lat' dir='ltr'><strong>promissa</strong></span> <span class='ocrx_word' id='word_1_93' title='bbox 309 1383 379 1441; x_wconf 83' lang='lat' dir='ltr'><strong>dato.</strong></span> <span class='ocrx_word' id='word_1_94' title='bbox 408 1385 458 1440; x_wconf 90' lang='lat' dir='ltr'><strong>Per</strong></span> <span class='ocrx_word' id='word_1_95' title='bbox 467 1401 540 1441; x_wconf 85' lang='lat' dir='ltr'><strong>secra</strong></span> <span class='ocrx_word' id='word_1_96' title='bbox 550 1384 676 1440; x_wconf 84' lang='lat' dir='ltr'><strong>triformis</strong></span> 
     </span>
     <span class='ocr_line' id='line_1_18' title="bbox 51 1458 834 1532; baseline -0.001 -17"><span class='ocrx_word' id='word_1_97' title='bbox 51 1461 170 1528; x_wconf 83' lang='lat' dir='ltr'><strong>lledeae,</strong></span> <span class='ocrx_word' id='word_1_98' title='bbox 191 1458 303 1532; x_wconf 89' lang='lat' dir='ltr'><strong>lueoque</strong></span> <span class='ocrx_word' id='word_1_99' title='bbox 315 1458 380 1516; x_wconf 84' lang='lat' dir='ltr'><strong>foret</strong></span> <span class='ocrx_word' id='word_1_100' title='bbox 389 1459 463 1532; x_wconf 89' lang='lat' dir='ltr'><strong>quod</strong></span> <span class='ocrx_word' id='word_1_101' title='bbox 472 1476 572 1517; x_wconf 90' lang='lat' dir='ltr'><strong>numen</strong></span> <span class='ocrx_word' id='word_1_102' title='bbox 581 1461 611 1516; x_wconf 92' lang='lat' dir='ltr'><strong>in</strong></span> <span class='ocrx_word' id='word_1_103' title='bbox 620 1459 675 1526; x_wconf 87' lang='lat' dir='ltr'><strong>illo,</strong></span> <span class='ocrx_word' id='word_1_104' title='bbox 808 1472 834 1514; x_wconf 78' lang='lat'><strong>⁹5</strong></span> 
     </span>
     <span class='ocr_line' id='line_1_19' title="bbox 55 1533 758 1608; baseline -0.004 -17"><span class='ocrx_word' id='word_1_105' title='bbox 55 1533 357 1608; x_wconf 86' lang='lat' dir='ltr'><strong>erquepntremsoceri,</strong></span> <span class='ocrx_word' id='word_1_106' title='bbox 377 1542 527 1591; x_wconf 82' lang='lat' dir='ltr'><strong>cernentem</strong></span> <span class='ocrx_word' id='word_1_107' title='bbox 537 1543 645 1601; x_wconf 78' lang='lat' dir='ltr'><strong>ennete,</strong></span> <span class='ocrx_word' id='word_1_108' title='bbox 665 1535 758 1600; x_wconf 83' lang='lat' dir='ltr'><strong>futuri,</strong></span> 
     </span>
     <span class='ocr_line' id='line_1_20' title="bbox 60 1609 629 1684; baseline -0.004 -17"><span class='ocrx_word' id='word_1_109' title='bbox 60 1618 205 1684; x_wconf 75' lang='lat' dir='ltr'><strong>ventusque</strong></span> <span class='ocrx_word' id='word_1_110' title='bbox 214 1627 288 1677; x_wconf 88' lang='lat' dir='ltr'><strong>suos,</strong></span> <span class='ocrx_word' id='word_1_111' title='bbox 308 1617 333 1666; x_wconf 84' lang='lat' dir='ltr'><strong>et</strong></span> <span class='ocrx_word' id='word_1_112' title='bbox 342 1618 413 1666; x_wconf 80' lang='lat' dir='ltr'><strong>tenta</strong></span> <span class='ocrx_word' id='word_1_113' title='bbox 424 1609 540 1682; x_wconf 78' lang='lat' dir='ltr'><strong>periculo</strong></span> <span class='ocrx_word' id='word_1_114' title='bbox 550 1611 629 1667; x_wconf 83' lang='lat' dir='ltr'><strong>iurat.</strong></span> 
     </span>
     <span class='ocr_line' id='line_1_21' title="bbox 66 1684 640 1758; baseline 0.002 -17"><span class='ocrx_word' id='word_1_115' title='bbox 66 1686 162 1743; x_wconf 80' lang='lat' dir='ltr'><strong>reditus</strong></span> <span class='ocrx_word' id='word_1_116' title='bbox 172 1684 270 1757; x_wconf 84' lang='lat' dir='ltr'><strong>aooepit</strong></span> <span class='ocrx_word' id='word_1_117' title='bbox 278 1692 395 1742; x_wconf 84' lang='lat' dir='ltr'><strong>oentetes</strong></span> <span class='ocrx_word' id='word_1_118' title='bbox 403 1684 526 1758; x_wconf 88' lang='lat' dir='ltr'><strong>protinus</strong></span> <span class='ocrx_word' id='word_1_119' title='bbox 535 1686 640 1754; x_wconf 84' lang='lat' dir='ltr'><strong>herbes,</strong></span> 
     </span>
     <span class='ocr_line' id='line_1_22' title="bbox 73 1758 708 1834; baseline -0.003 -19"><span class='ocrx_word' id='word_1_120' title='bbox 73 1761 199 1834; x_wconf 85' lang='lat' dir='ltr'><strong>idioitque</strong></span> <span class='ocrx_word' id='word_1_121' title='bbox 207 1777 302 1830; x_wconf 88' lang='lat' dir='ltr'><strong>usnm;</strong></span> <span class='ocrx_word' id='word_1_122' title='bbox 324 1758 463 1833; x_wconf 80' lang='lat' dir='ltr'><strong>laetrrsqne</strong></span> <span class='ocrx_word' id='word_1_123' title='bbox 474 1761 504 1816; x_wconf 91' lang='lat' dir='ltr'><strong>in</strong></span> <span class='ocrx_word' id='word_1_124' title='bbox 515 1767 580 1816; x_wconf 79' lang='lat' dir='ltr'><strong>teoto</strong></span> <span class='ocrx_word' id='word_1_125' title='bbox 592 1760 708 1816; x_wconf 84' lang='lat' dir='ltr'><strong>recessit.</strong></span> 
     </span>
     <span class='ocr_line' id='line_1_23' title="bbox 76 1833 834 1908; baseline -0.004 -18"><span class='ocrx_word' id='word_1_126' title='bbox 76 1837 180 1892; x_wconf 85' lang='lat' dir='ltr'><strong>Postero</strong></span> <span class='ocrx_word' id='word_1_127' title='bbox 189 1833 324 1908; x_wconf 83' lang='lat' dir='ltr'><strong>depulerat</strong></span> <span class='ocrx_word' id='word_1_128' title='bbox 334 1835 423 1892; x_wconf 86' lang='lat' dir='ltr'><strong>stellas</strong></span> <span class='ocrx_word' id='word_1_129' title='bbox 433 1835 535 1892; x_wconf 79' lang='lat' dir='ltr'><strong>Aurora</strong></span> <span class='ocrx_word' id='word_1_130' title='bbox 546 1835 689 1891; x_wconf 82' lang='lat' dir='ltr'><strong>minantes:</strong></span> <span class='ocrx_word' id='word_1_131' title='bbox 795 1845 834 1888; x_wconf 79' lang='lat' dir='ltr'><strong>too</strong></span> 
     </span>
     <span class='ocr_line' id='line_1_24' title="bbox 82 1909 711 1983; baseline -0.006 -15"><span class='ocrx_word' id='word_1_132' title='bbox 82 1911 202 1968; x_wconf 82' lang='lat' dir='ltr'><strong>rveniunt</strong></span> <span class='ocrx_word' id='word_1_133' title='bbox 211 1909 303 1983; x_wconf 90' lang='lat' dir='ltr'><strong>populi</strong></span> <span class='ocrx_word' id='word_1_134' title='bbox 313 1928 419 1966; x_wconf 85' lang='lat' dir='ltr'><strong>snorum</strong></span> <span class='ocrx_word' id='word_1_135' title='bbox 428 1910 554 1967; x_wconf 81' lang='lat' dir='ltr'><strong>Mavortis</strong></span> <span class='ocrx_word' id='word_1_136' title='bbox 564 1913 593 1967; x_wconf 91' lang='lat' dir='ltr'><strong>in</strong></span> <span class='ocrx_word' id='word_1_137' title='bbox 602 1926 711 1978; x_wconf 78' lang='lat' dir='ltr'><strong>arvum3</strong></span> 
     </span>
     <span class='ocr_line' id='line_1_25' title="bbox 89 1984 672 2060; baseline -0.002 -20"><span class='ocrx_word' id='word_1_138' title='bbox 89 1987 239 2059; x_wconf 87' lang='lat' dir='ltr'><strong>sistuntque</strong></span> <span class='ocrx_word' id='word_1_139' title='bbox 247 1985 330 2060; x_wconf 80' lang='lat' dir='ltr'><strong>iugis.</strong></span> <span class='ocrx_word' id='word_1_140' title='bbox 359 1985 445 2042; x_wconf 86' lang='lat' dir='ltr'><strong>Medio</strong></span> <span class='ocrx_word' id='word_1_141' title='bbox 454 2002 501 2043; x_wconf 83' lang='lat' dir='ltr'><strong>rex</strong></span> <span class='ocrx_word' id='word_1_142' title='bbox 510 1987 568 2057; x_wconf 89' lang='lat' dir='ltr'><strong>ipse</strong></span> <span class='ocrx_word' id='word_1_143' title='bbox 576 1984 672 2041; x_wconf 87' lang='lat' dir='ltr'><strong>resedit</strong></span> 
     </span>
     <span class='ocr_line' id='line_1_26' title="bbox 93 2060 740 2135; baseline -0.005 -20"><span class='ocrx_word' id='word_1_144' title='bbox 93 2062 145 2116; x_wconf 67' lang='lat' dir='ltr'><strong>tine</strong></span> <span class='ocrx_word' id='word_1_145' title='bbox 154 2077 320 2134; x_wconf 82' lang='lat' dir='ltr'><strong>purpureus,</strong></span> <span class='ocrx_word' id='word_1_146' title='bbox 340 2068 495 2134; x_wconf 87' lang='lat' dir='ltr'><strong>sceptroque</strong></span> <span class='ocrx_word' id='word_1_147' title='bbox 504 2060 620 2135; x_wconf 82' lang='lat' dir='ltr'><strong>insignis</strong></span> <span class='ocrx_word' id='word_1_148' title='bbox 629 2060 740 2116; x_wconf 87' lang='lat' dir='ltr'><strong>eburno.</strong></span> 
     </span>
     <span class='ocr_line' id='line_1_27' title="bbox 99 2134 658 2192; baseline -0.004 -2"><span class='ocrx_word' id='word_1_149' title='bbox 99 2152 106 2190; x_wconf 71' lang='lat' dir='ltr'><strong>r</strong></span> <span class='ocrx_word' id='word_1_150' title='bbox 116 2135 277 2191; x_wconf 83' lang='lat' dir='ltr'><strong>adamanteis</strong></span> <span class='ocrx_word' id='word_1_151' title='bbox 286 2134 437 2192; x_wconf 84' lang='lat' dir='ltr'><strong>Vulcanum</strong></span> <span class='ocrx_word' id='word_1_152' title='bbox 448 2135 559 2192; x_wconf 84' lang='lat' dir='ltr'><strong>neribus</strong></span> <span class='ocrx_word' id='word_1_153' title='bbox 568 2135 658 2191; x_wconf 84' lang='lat' dir='ltr'><strong>efflant</strong></span> 
     </span>
     <span class='ocr_line' id='line_1_28' title="bbox 104 2208 834 2282; baseline -0.008 -18"><span class='ocrx_word' id='word_1_154' title='bbox 104 2208 172 2264; x_wconf 79' lang='lat' dir='ltr'><strong>redes</strong></span> <span class='ocrx_word' id='word_1_155' title='bbox 182 2211 265 2265; x_wconf 79' lang='lat' dir='ltr'><strong>tauri:</strong></span> <span class='ocrx_word' id='word_1_156' title='bbox 285 2217 420 2282; x_wconf 74' lang='lat' dir='ltr'><strong>tectaeque</strong></span> <span class='ocrx_word' id='word_1_157' title='bbox 428 2210 572 2281; x_wconf 86' lang='lat' dir='ltr'><strong>vaporibus</strong></span> <span class='ocrx_word' id='word_1_158' title='bbox 583 2209 679 2264; x_wconf 82' lang='lat' dir='ltr'><strong>herbae</strong></span> <span class='ocrx_word' id='word_1_159' title='bbox 715 2218 718 2223; x_wconf 88' lang='lat'>&#39;</span> <span class='ocrx_word' id='word_1_160' title='bbox 795 2217 834 2259; x_wconf 82' lang='lat' dir='ltr'><strong>ros</strong></span> 
     </span>
     <span class='ocr_line' id='line_1_29' title="bbox 110 2283 679 2357; baseline 0.002 -21"><span class='ocrx_word' id='word_1_161' title='bbox 110 2289 142 2338; x_wconf 78' lang='lat' dir='ltr'><strong>rt.</strong></span> <span class='ocrx_word' id='word_1_162' title='bbox 170 2283 257 2356; x_wconf 76' lang='lat' dir='ltr'><strong>thue</strong></span> <span class='ocrx_word' id='word_1_163' title='bbox 265 2283 351 2340; x_wconf 87' lang='lat' dir='ltr'><strong>solent</strong></span> <span class='ocrx_word' id='word_1_164' title='bbox 358 2283 431 2357; x_wconf 92' lang='lat' dir='ltr'><strong>pleni</strong></span> <span class='ocrx_word' id='word_1_165' title='bbox 440 2301 563 2342; x_wconf 83' lang='lat' dir='ltr'><strong>resonare</strong></span> <span class='ocrx_word' id='word_1_166' title='bbox 571 2283 679 2346; x_wconf 80' lang='lat' dir='ltr'><strong>ermini,</strong></span> 
     </span>
     <span class='ocr_line' id='line_1_30' title="bbox 115 2355 556 2415; baseline 0.009 -5"><span class='ocrx_word' id='word_1_167' title='bbox 115 2355 143 2410; x_wconf 88' lang='lat' dir='ltr'><strong>bi</strong></span> <span class='ocrx_word' id='word_1_168' title='bbox 152 2364 253 2414; x_wconf 83' lang='lat' dir='ltr'><strong>terrena</strong></span> <span class='ocrx_word' id='word_1_169' title='bbox 262 2356 350 2414; x_wconf 82' lang='lat' dir='ltr'><strong>silices</strong></span> <span class='ocrx_word' id='word_1_170' title='bbox 362 2358 467 2415; x_wconf 80' lang='lat' dir='ltr'><strong>fornace</strong></span> <span class='ocrx_word' id='word_1_171' title='bbox 476 2358 556 2415; x_wconf 86' lang='lat' dir='ltr'><strong>soluti</strong></span> 
     </span>
     <span class='ocr_line' id='line_1_31' title="bbox 120 2430 779 2561; baseline -0.006 -76"><span class='ocrx_word' id='word_1_172' title='bbox 120 2430 779 2561; x_wconf 51' lang='lat' dir='ltr'><strong>oinntignemliquidorumedsperffinenquamm</strong></span> 
     </span>
     <span class='ocr_line' id='line_1_32' title="bbox 126 2505 690 2572; baseline -0.007 -11"><span class='ocrx_word' id='word_1_173' title='bbox 126 2524 143 2561; x_wconf 67' lang='lat' dir='ltr'><strong>¹e</strong></span> <span class='ocrx_word' id='word_1_174' title='bbox 153 2505 191 2560; x_wconf 87' lang='lat' dir='ltr'><strong>sio</strong></span> <span class='ocrx_word' id='word_1_175' title='bbox 201 2505 284 2572; x_wconf 88' lang='lat' dir='ltr'><strong>intus,</strong></span> <span class='ocrx_word' id='word_1_176' title='bbox 303 2505 406 2563; x_wconf 82' lang='lat' dir='ltr'><strong>clauses</strong></span> <span class='ocrx_word' id='word_1_177' title='bbox 416 2506 548 2564; x_wconf 84' lang='lat' dir='ltr'><strong>volventia</strong></span> <span class='ocrx_word' id='word_1_178' title='bbox 578 2521 690 2567; x_wconf 83' lang='lat' dir='ltr'><strong>emmas,</strong></span> 
     </span>
    </p>
   </div>
   <div class='ocr_carea' id='block_1_3' title="bbox 133 2576 864 2718">
    <p class='ocr_par' dir='ltr' id='par_1_3' title="bbox 133 2576 864 2718">
     <span class='ocr_line' id='line_1_33' title="bbox 133 2576 864 2655; baseline -0.04 -16"><span class='ocrx_word' id='word_1_179' title='bbox 133 2599 200 2655; x_wconf 86' lang='lat' dir='ltr'><strong>eque</strong></span> <span class='ocrx_word' id='word_1_180' title='bbox 209 2587 268 2634; x_wconf 86' lang='lat' dir='ltr'><strong>uste</strong></span> <span class='ocrx_word' id='word_1_181' title='bbox 280 2588 385 2638; x_wconf 84' lang='lat' dir='ltr'><strong>sonent.</strong></span> <span class='ocrx_word' id='word_1_182' title='bbox 413 2581 588 2640; x_wconf 70' lang='lat' dir='ltr'><strong>Temeniiixs</strong></span> <span class='ocrx_word' id='word_1_183' title='bbox 597 2580 802 2634; x_wconf 48' lang='lat' dir='ltr'><strong>resonum</strong></span> <span class='ocrx_word' id='word_1_184' title='bbox 815 2576 864 2612; x_wconf 47' lang='grc' dir='ltr'><em>ω</em></span> 
     </span>
     <span class='ocr_line' id='line_1_34' title="bbox 142 2654 680 2718; baseline -0.032 0"><span class='ocrx_word' id='word_1_185' title='bbox 142 2657 172 2714; x_wconf 80' lang='lat' dir='ltr'><strong>it.</strong></span> <span class='ocrx_word' id='word_1_186' title='bbox 204 2657 312 2716; x_wconf 86' lang='lat' dir='ltr'><strong>Vertere</strong></span> <span class='ocrx_word' id='word_1_187' title='bbox 320 2665 416 2718; x_wconf 87' lang='lat' dir='ltr'><strong>trnoes</strong></span> <span class='ocrx_word' id='word_1_188' title='bbox 423 2658 571 2718; x_wconf 64' lang='lat' dir='ltr'><strong>venientes</strong></span> <span class='ocrx_word' id='word_1_189' title='bbox 579 2654 680 2708; x_wconf 59' lang='lat' dir='ltr'><strong>enses</strong></span> 
     </span>
    </p>
   </div>
   <div class='ocr_carea' id='block_1_4' title="bbox 0 0 943 2940">
    <p class='ocr_par' dir='ltr' id='par_1_4' title="bbox 0 0 943 2940">
     <span class='ocr_line' id='line_1_35' title="bbox 0 0 943 2940; baseline 0 0"><span class='ocrx_word' id='word_1_190' title='bbox 0 0 943 2940; x_wconf 95' lang='lat' dir='ltr'><strong> </strong></span> 
     </span>
    </p>
   </div>
  </div>
 </body>
</html>
