1874 2940
155 158 170 207 6
341 165 368 209 Ρ.
390 164 516 210 OVIDII
535 164 703 210 NASONIS

152 264 205 317 Nec
217 270 321 318 tantum
334 273 434 336 segetes
444 262 623 335 alimentaque
632 263 719 318 dehita
732 264 806 319 dives

151 337 308 408 poscebatur
316 338 431 405 humus,
453 337 499 392 sed
509 338 577 392 itum
587 338 664 392 estin
675 339 776 393 viscera
786 347 882 394 terrae:

150 429 273 486 quasque
283 412 476 477 recondiderat,
498 411 653 541 Stygiisqulg
667 412 819 469 admoverat
836 432 898 469 um-

650 504 697 551 rrs,

96 568 135 614 110
150 560 397 632 effodiunturopcs,
418 561 580 615 irritamenta
590 559 733 616 malorum.

152 636 261 706 Iamque
273 653 370 690 nocens
379 634 495 700 ferrum,
516 634 638 706 ferroque
652 634 789 690 nocentius
799 652 896 692 aurum

152 709 297 779 prodierat:
318 708 407 779 prodit
416 709 533 772 beilum,
554 709 627 781 quod
636 717 739 783 pugnat
749 717 876 781 utroque:

152 784 353 854 sanguineaque
362 799 444 837 manu
454 783 608 854 crepitantia
617 786 734 838 concutit
744 801 826 838 arma.

152 857 259 911 Vivitur
272 873 305 909 cx
315 863 403 926 rapto:
424 875 476 912 non
487 857 585 928 hospes
600 857 633 912 ab
643 858 747 930 hospite
757 865 840 922 tutus,

97 937 137 984 115
152 947 206 984 non
216 947 290 984 socer
300 947 314 984 a
324 946 434 1002 genero:
446 930 557 985 fratrum
567 948 676 1003 quoque
684 932 768 1006 gratia
778 949 836 987 rara
846 941 891 988 est.

152 1004 277 1058 Imminet
286 1003 366 1057 exitio
376 1004 418 1058 vir
426 1005 559 1077 coniugis,
578 1004 624 1060 ilia
634 1007 736 1062 mariti:

153 1077 240 1132 lurida
250 1077 380 1132 terribiles
390 1077 503 1132 miscent
513 1079 614 1134 aconita
625 1098 764 1136 novercae:

153 1151 226 1208 filius
235 1152 375 1207 antediem
385 1152 485 1224 patrios
494 1153 607 1226 inquirit
618 1154 647 1209 in
656 1172 751 1211 annos.

151 1227 226 1284 Victa
234 1227 301 1284 iacet
310 1227 409 1301 pietas:
430 1235 456 1284 et
467 1227 542 1304 virgo
551 1228 629 1285 caede
638 1230 783 1295 madentes,

98 1313 137 1356 150
151 1302 246 1358 ultima
256 1303 409 1369 coelestum,
431 1311 513 1360 terras
523 1303 631 1360 Astraea
642 1304 759 1376 reliquit.

189 1378 261 1432 Neve
270 1377 335 1432 foret
346 1379 422 1432 terris
431 1379 547 1435 securior
557 1380 658 1435 arduus
667 1379 765 1444 aether,

153 1448 286 1504 affectasse
295 1451 384 1504 ferunt
395 1468 507 1523 regnum
517 1453 627 1508 moleste
641 1454 778 1527 Gigantas,

152 1522 259 1594 altaque
270 1530 408 1596 congestos
420 1527 550 1580 struxisse
560 1527 594 1580 ad
603 1527 689 1581 sidera
699 1536 812 1584 montes.

153 1598 223 1652 Tum
233 1604 307 1668 pater
316 1597 483 1668 omnipotens
494 1599 577 1653 misso
586 1599 711 1674 perfregit
719 1602 866 1676 Olympum

99 1681 137 1725 155
153 1670 276 1736 fulmine,
297 1678 323 1726 et
331 1671 449 1726 excussit
461 1671 609 1728 subiectum
621 1673 710 1730 Pelion
721 1676 812 1731 Ossae.

153 1745 255 1801 Obruta
266 1744 335 1800 moie
344 1762 393 1801 sua
403 1763 490 1817 quum
499 1761 607 1819 corpora
616 1748 673 1804 dira
688 1750 814 1817 iacerent;

153 1819 290 1891 perfusam
301 1819 385 1876 multo
397 1827 521 1875 natorum
530 1824 660 1896 sanguine
669 1824 777 1879 Terram

154 1895 329 1949 immaduisse
339 1894 437 1960 ferunt,
448 1894 619 1969 calidumque
628 1899 761 1952 animasse
766 1913 896 1963 cruorem,

154 1977 188 2034 et,
211 1986 244 2023 ne
254 1968 327 2024 nulla
338 1987 402 2024 suae
411 1970 502 2040 stirpis
512 1971 676 2026 monimenta
683 1977 829 2033 manerent,

100 2055 139 2098 100
154 2042 571 2099 infaciemvertisschominum.
601 2044 687 2098 Sedet
697 2042 743 2096 iila
753 2060 869 2114 propago

153 2119 312 2173 contemtrix
324 2119 467 2190 Superum,
479 2135 626 2190 saevaeque
635 2116 791 2174 avidissima
801 2117 896 2184 caedis,

154 2193 305 2249 etviolenta
315 2192 379 2248 fuit:
400 2193 646 2266 sciresesanguine
664 2197 750 2247 natos.

192 2267 266 2335 Quae
274 2275 349 2341 pater
358 2275 389 2322 ut
398 2284 505 2322 summa
515 2268 583 2323 vidit
592 2266 734 2323 Saturnius
745 2282 811 2331 arce,

120 2346 125 2353 '
148 2344 277 2416 ingemit,
297 2351 331 2408 et,
352 2342 551 2398 factcnondum
560 2341 786 2416 vulgatarecenti,

101 2428 140 2470 105
154 2415 227 2472 foeda
237 2417 385 2492 Lycaoniae
394 2415 509 2472 referens
519 2417 642 2474 convivia
650 2433 767 2481 mensae,

156 2491 276 2564 ingentes
287 2493 400 2557 animos,
421 2491 517 2565 dignas
527 2494 587 2547 Iove
597 2492 713 2565 concipit
723 2491 787 2555 iras,

143 2566 445 2636 conerir'umquevocat.
477 2567 573 2623 Tenuit
583 2586 658 2624 mora
667 2565 868 2624 nullarocatos.

122 2630 181 2683 Est
191 2637 236 2690 vr'a
245 2640 393 2710 sublimis,
417 2642 494 2704 coeio
502 2644 652 2704 manifesta
660 2659 773 2703 screno:
