1874 2940
168 347 542 396 unrenom’nosnou
560 347 632 393 LIB.
651 347 709 394 XV.
758 341 788 394 ³7

65 450 218 510 Funeribus
229 447 290 504 sessi
300 456 440 521 postquam
449 448 567 505 mortalia
579 459 692 504 cernunt

65 531 227 584 tentamenta
237 523 319 589 nihil,
340 523 408 579 nihil
418 531 485 578 artes
493 541 571 596 posse
581 522 743 589 medentum,

66 598 200 659 auxilium
209 597 318 655 eoeleste
326 605 432 670 petunt:
453 598 622 671 mediamque
630 605 747 653 tenentes

66 675 141 734 orbis
150 674 266 730 humum
275 672 389 744 Delphos
398 673 504 740 adeunt,
524 672 629 730 oracula
640 672 752 728 Phoebi:

67 760 153 823 utque
162 747 297 804 salutifera
307 747 411 802 miseris
424 764 576 803 suoeurrere
588 748 669 803 rebus

67 832 140 883 sorte
148 823 226 890 velit,
247 828 386 894 tantaeque
395 823 471 877 urbis
481 821 550 878 mala
560 822 644 888 finiat,
665 830 749 877 orant.

65 903 104 960 Et
111 899 199 965 loeus,
219 905 246 953 et
254 896 355 965 laurus,
376 905 402 952 et
410 914 477 971 quas
485 897 565 953 habet
573 898 631 970 ipse
639 896 786 970 pharetras,

67 980 229 1032 intremuere
238 972 334 1028 simul:
354 973 508 1047 cortinaque
516 972 629 1030 reddidit
638 974 692 1029 imo

66 1053 139 1107 hane
148 1048 227 1122 adyto
235 1065 336 1114 vocem,
357 1047 543 1123 pavefactaque
552 1056 655 1122 pectora
665 1048 760 1104 morit:

69 1123 148 1192 Quod
157 1124 225 1196 petis
233 1123 306 1187 hine,
326 1123 447 1193 propiore
457 1123 522 1189 loeo,
540 1124 666 1191 Romane,
687 1123 788 1196 petisse

69 1208 96 1255 et
104 1205 162 1271 pete
173 1215 245 1254 nune
254 1197 374 1268 propiore
384 1195 453 1250 loeo:
475 1213 523 1250 neo
532 1198 654 1268 Apolline
664 1200 750 1266 vobis,

69 1274 119 1347 qui
128 1273 232 1330 minuat
241 1270 336 1337 luctus,
356 1287 424 1399 oque
435 1277 483 1335 ost,
504 1270 550 1324 sed
559 1272 680 1341 Apolline
689 1280 759 1328 nato.

69 1353 108 1406 lte
116 1347 307 1412 bonisavibua,
327 1345 746 1418 proemqueacoersitanostram.

69 1427 146 1480 Iussa
155 1422 198 1478 dei
206 1421 324 1494 prudens
333 1428 475 1492 postquam
485 1436 605 1490 aceepere
617 1418 738 1484 Senatus,

70 1514 153 1572 quam
162 1496 243 1562 eolat,
263 1495 412 1567 explorant,
433 1494 537 1549 iuvenis
547 1494 693 1550 Phoebeius
703 1493 788 1548 urben

71 1573 173 1646 quique
180 1578 270 1645 petant
279 1571 364 1626 ventis
373 1568 516 1641 Epidauria
525 1568 611 1624 littora
621 1568 738 1623 mittunt.

71 1648 144 1715 Quae
153 1646 235 1702 simul
246 1647 355 1701 incurva
369 1644 445 1700 missi
455 1645 562 1718 tetigere
570 1644 668 1709 carina,

71 1721 214 1778 ooneilium
224 1721 371 1792 Graiosque
379 1727 466 1792 patres
475 1718 571 1786 adiere,
592 1719 736 1790 darentque

71 1794 277 1860 oraveredeum,
297 1796 345 1868 qui
355 1811 479 1865 praesens
489 1793 581 1850 funera
590 1794 677 1869 gentis

72 1871 147 1928 finiat
155 1869 301 1926 Ausoniae:
321 1877 404 1924 certas
414 1870 450 1924 ita
460 1870 546 1925 dicere
555 1878 647 1926 sortes.

71 1944 194 2008 Dissidet,
215 1950 241 1997 et
250 1945 333 1998 variat
341 1945 483 1999 sententia:
503 1960 618 2017 parsque
629 1941 779 2017 negandum

72 2016 362 2088 nonputatauxilium3
382 2017 461 2072 multi
469 2020 588 2085 retinere,
609 2034 740 2090 suamque

72 2109 125 2150 non
134 2089 250 2146 emittere
259 2107 346 2164 opem,
367 2109 415 2147 nee
424 2094 536 2147 numina
545 2093 645 2150 tradere
655 2093 775 2149 suadent.

71 2171 141 2226 Dum
150 2166 280 2236 dubitant,
301 2185 386 2224 seram
394 2166 518 2241 pepulere
527 2169 682 2243 crepuscula
693 2169 788 2227 luoem.

73 2245 222 2319 umbraque
230 2244 333 2303 telluris
343 2245 462 2302 tenebras
474 2244 615 2303 induxerat
624 2247 690 2315 orbi,

74 2337 160 2394 quum
169 2321 235 2377 deus
246 2322 275 2377 in
285 2323 386 2380 somnis
396 2321 479 2397 opifer
488 2323 629 2379 consistere
639 2323 713 2378 visus

74 2402 134 2451 ante
142 2403 229 2461 tunm,
250 2396 376 2464 Romane,
397 2407 499 2466 torum3
521 2399 567 2452 sed
576 2397 663 2468 qualis
672 2397 700 2447 in
711 2391 771 2446 aede

73 2489 131 2528 esse
140 2470 218 2528 solet:
238 2469 418 2541 baculumque
426 2480 517 2527 tenens
526 2477 626 2541 agreste
638 2467 754 2530 sinistra,

74 2546 215 2602 caesariem
225 2542 318 2615 longae
327 2542 418 2597 dextra
430 2544 558 2599 deducere
569 2541 676 2604 barbae,

74 2628 100 2676 et
107 2618 210 2691 placido
219 2615 284 2672 tales
293 2615 409 2669 emittere
417 2624 521 2686 pectore
532 2630 623 2670 voces:

74 2695 257 2760 Ponemetus;
279 2688 398 2754 veniam,
418 2688 614 2760 simulacraque
622 2692 710 2742 nostra
729 2683 788 2738 relir

600 2777 693 2832 quam.

72 2840 151 2896 Hune
160 2838 238 2896 modo
247 2834 707 2912 serpentem,haeuiurnquinenihua
716 2829 788 2884 ambi
