1874 2940
168 119 545 167 METAMORPHOSEON
563 123 634 167 LlB.
649 123 693 168 VI.
752 117 800 170 ΙΨ.)

55 219 178 278 vestibus
187 220 288 274 intexto
299 219 422 292 Phrygiis
432 220 583 290 spectabilis
592 239 671 277 auro:

53 304 89 362 et,
111 301 245 366 quantum
257 294 297 347 ira
307 293 380 358 sinit,
392 293 520 350 formosa:
541 313 706 367 movensque
715 295 809 351 deooro

54 387 120 426 oum
146 368 233 440 capita
254 367 391 424 immissos
414 368 558 425 humerum
585 386 632 440 per
657 378 803 496 utrumque

589 461 618 497 ca
640 443 657 497 il
669 461 709 500 os.

56 514 196 576 Constitit:
217 523 301 588 utque
310 515 400 572 oculos
410 515 574 573 circumtulit
583 461 638 571 0Ιὲ
647 519 792 588 superbos3

57 592 126 661 Quis
135 590 209 646 furor
218 591 332 656 auditos,
349 592 448 663 iuquit,
468 609 629 664 praeponere
638 592 706 646 visis
818 605 857 647 110

58 663 203 724 coelestes?
222 673 326 720 auteur
335 666 430 720 colitur
440 668 538 721 Latona
550 685 597 738 per
606 685 675 732 aras,

60 758 162 799 numen
174 739 263 796 adhuc
271 740 331 794 sine
341 748 399 795 ture
409 758 500 797 meum
512 741 569 796 est‘?
600 742 667 796 Mihi
678 740 804 796 Tantalus

592 824 693 883 auctor,

59 891 104 946 oui
114 889 192 944 licuit
201 887 251 944 soii
261 887 422 959 Superorum
432 897 539 964 tangere
548 908 669 946 mensas:

60 963 198 1021 Pleiadum
208 981 282 1019 soror
291 970 331 1017 est
340 967 460 1036 genetrix
471 966 552 1020 mihi:
574 967 709 1021 maximus
719 965 792 1021 Atlas

60 1049 187 1103 ostanus,
207 1038 352 1092 aetherium
363 1041 409 1110 qui
422 1039 470 1093 sert
482 1040 629 1095 cervicibus
639 1059 730 1095 axem:
820 1051 859 1092 115

61 1115 161 1185 Iupiter
170 1111 235 1167 alter
244 1129 326 1168 avus:
347 1114 659 1186 soceroquoquegloriar
673 1115 728 1169 illo.

61 1190 105 1245 Ma
112 1195 205 1261 gentes
215 1194 337 1242 metuunt
348 1187 491 1259 Phrygiae:
511 1205 554 1242 ma
563 1188 633 1259 regia
645 1188 738 1242 Cadmi

61 1261 295 1318 subdeminaest:
320 1261 473 1332 fidibusque
483 1262 535 1315 moi
545 1261 687 1315 commissa
697 1261 785 1314 mariti

63 1337 167 1393 moenia
176 1353 238 1391 oum
249 1336 379 1408 populisa
390 1353 485 1408 meque
495 1336 606 1405 viroque
615 1343 753 1408 reguntur.

63 1414 94 1467 in
103 1427 293 1486 quamcunque
302 1411 399 1465 domus
409 1409 508 1466 adverti
519 1409 620 1464 lumina
633 1418 745 1481 partem,
821 1420 860 1463 180

64 1488 210 1543 immensae
220 1493 372 1557 spectantur
381 1501 454 1557 opes.
484 1484 692 1540 Accediteodem

62 1561 145 1635 digna
155 1560 202 1616 dea
214 1560 307 1616 iacies:
328 1561 382 1615 huo
392 1570 467 1616 natas
476 1561 561 1617 adiice
570 1569 682 1632 septem,

64 1644 89 1691 et
99 1635 206 1692 totidem
217 1637 342 1703 iuvenes;
364 1645 389 1691 et
398 1642 461 1692 mox
469 1654 635 1711 generosque
646 1652 795 1706 nurusque.

64 1710 188 1777 Quaerite
205 1728 292 1776 nuno,
332 1711 427 1767 habeat
453 1729 536 1784 quam
565 1720 652 1766 nostra
682 1710 806 1780 snperbia

596 1802 736 1839 caussam:

64 1875 174 1932 quoque
183 1858 261 1914 modo
271 1858 373 1913 audetis
382 1860 498 1932 genitam
510 1859 630 1914 Titanida
642 1859 710 1915 Coeo

64 1937 193 1990 Latonam
203 1934 333 2005 praeferre
343 1933 429 1988 milri?
446 1935 490 1989 cui
501 1934 617 1989 maxima
627 1934 764 2006 quondam

64 2009 190 2082 exiguam
201 2009 290 2063 sedem
304 2010 436 2080 pariturae
446 2017 512 2063 terra
529 2009 645 2082 negavit.

64 2083 807 2155 Neecoelouechnmo,necaquisdeavestrareceptaest.

64 2158 136 2214 Exul
150 2166 204 2212 erat
213 2160 323 2226 mundi;
344 2159 427 2214 donec
437 2159 559 2212 miserata
570 2168 720 2232 vagantem,

64 2234 174 2304 Hospita
187 2239 215 2284 tu
225 2233 301 2286 terris
311 2251 392 2298 erras,
413 2250 471 2306 ego,
492 2233 569 2298 uixit,
591 2233 720 2295 innuitis,
825 2241 863 2282 100

65 2305 273 2376 instabilemque
282 2306 369 2363 locum
380 2308 457 2362 Datos
469 2306 550 2361 (ledit.
580 2307 626 2361 lita
637 2307 752 2360 duorum

66 2383 134 2438 facta
144 2396 254 2450 pareus:
277 2383 344 2435 uteri
354 2399 416 2453 pars
432 2382 496 2435 haec
505 2391 545 2435 est
553 2383 665 2451 septima
678 2379 769 2433 nostri.

66 2458 133 2512 Sum
144 2453 222 2509 felix:
234 2453 296 2524 quis
305 2456 377 2510 enim
388 2465 465 2528 neget
474 2455 541 2511 hoc?
559 2457 579 2510 F
581 2452 820 2524 elixquemanebo:

67 2533 118 2587 hoc
128 2545 236 2601 quoque
245 2528 308 2598 quis
318 2529 437 2584 dubitet?
457 2530 552 2584 Totam
564 2547 606 2583 me
616 2527 690 2597 eopia
702 2525 771 2582 iecit.

68 2605 151 2658 Maior
161 2621 232 2669 sum,
253 2619 336 2674 quarn
345 2605 388 2658 eui
400 2605 485 2674 possit
493 2606 609 2658 Fortuna
620 2619 727 2657 nocero:
827 2614 866 2656 101

102 2685 175 2741 0010.
190 2689 218 2742 T.
231 2689 265 2746 Π,
700 2687 724 2740 Χ
812 2688 816 2693 “
