1874 2940
120 120 169 176 ³26
307 124 336 170 P.
357 122 483 172 0v1n11
500 122 665 171 NASONIS

66 236 91 283 45
119 224 277 298 caerulaque
286 223 405 280 induitur
413 224 558 281 velamina:
579 240 679 296 perque
688 221 809 283 ferarum

120 318 215 376 agmen
224 299 380 357 adulantum
388 298 474 355 media
483 298 598 371 procedit
610 299 643 353 ab
653 297 728 355 aula:

120 376 324 449 oppositumque
335 383 424 447 petens
433 382 522 429 matra
532 373 650 428 Zancleia
660 391 724 428 saxa

120 452 239 525 Rhegion
249 449 404 525 ingreditur,
419 448 600 520 ferventesque
609 448 727 502 aestibus
737 453 846 510 undas:

121 526 269 599 inquibus,
289 533 320 580 ut
328 522 425 589 solida,
444 524 519 595 ponit
528 522 652 594 vestigia,
673 521 745 592 ripa3

67 615 92 657 sn
120 617 280 672 summaque
288 598 403 653 decurrit
411 598 524 668 pedibus
534 613 614 667 super
623 612 737 667 aequora
747 598 841 657 sionis.

121 677 223 730 Parvus
232 681 287 728 erat
333 688 401 796 rges,
422 688 517 725 curvos
526 671 648 725 sinuatus
661 670 689 724 in
702 687 794 741 arens,

122 757 196 824 grata
204 748 281 818 quies
291 689 378 871 gin
400 764 406 797 :
427 760 519 814 quase
531 744 657 800 referebat
667 745 700 799 ab
710 754 788 802 aestu

122 818 356 881 etmarisetooei‚
376 816 462 873 medio
472 834 557 890 quum
587 819 775 875 lurimusorbe

122 893 166 951 Sol
175 901 243 959 erat,
264 899 290 948 et
299 891 553 949 minimasavertioe
563 837 655 950 iicerat
663 894 786 950 umbras.
825 955 829 960 ,

70 985 94 1027 ss
122 972 199 1025 Hunc
207 967 254 1023 dea
264 967 410 1042 praevitiat,
429 969 652 1042 portentificisque
660 971 771 1024 venenis

123 1043 260 1117 inquinat:
281 1044 325 1100 hic
333 1061 437 1117 pressos
447 1045 535 1101 latiens
545 1044 630 1099 radice
640 1044 743 1099 nocenti

123 1119 232 1194 spargit,
253 1129 278 1175 et
287 1120 429 1176 obscurum
440 1120 580 1176 verborum
589 1118 700 1191 ambage
710 1135 847 1179 novorum

123 1204 162 1250 ter
174 1196 264 1251 novies
274 1212 379 1251 carmen
390 1194 493 1268 megine
501 1193 684 1249 demurmurat
692 1209 746 1248 ore.

123 1268 210 1344 Scylla
220 1272 301 1337 venit,
322 1269 461 1342 mediaque
470 1277 547 1324 tenus
556 1266 723 1323 deseenderat
733 1266 810 1338 οἰνος

71 1357 96 1401 to
123 1363 209 1419 quum
219 1363 268 1400 sua
277 1344 374 1401 foedari
384 1344 538 1399 latrantibus
548 1344 659 1417 inguina
667 1345 794 1398 monstris

124 1420 248 1492 adspicit:
270 1437 300 1475 ae
310 1419 397 1491 primo
407 1419 576 1474 nonoredens
588 1418 704 1490 corporis
714 1416 774 1472 illas

124 1512 181 1551 esse
190 1494 337 1566 suipertus,
357 1493 506 1567 refugitque
515 1493 650 1567 abigitque
660 1494 787 1564 timetque

125 1587 169 1626 ora
179 1575 298 1642 proterva
307 1585 418 1624 canum:
440 1567 654 1642 ssdquosfugit,
674 1567 861 1627 attrahituna:

124 1653 383 1718 etcorpusquaerens
392 1642 688 1716 femorumcrurumque
697 1641 861 1716 pedumque,

72 1732 97 1774 st
123 1721 257 1777 cerbereos
267 1721 348 1776 rietus
356 1738 404 1794 pro
414 1721 533 1794 partibus
543 1719 645 1776 invenit
656 1716 724 1773 illis:

125 1802 228 1866 statque
236 1813 333 1852 canum
344 1797 445 1853 rabies:
466 1796 635 1869 subiectaque
644 1801 716 1868 terga
725 1791 842 1849 ferarum

124 1868 282 1940 inguinibus
293 1873 394 1926 truncis
403 1879 529 1944 uteroque
537 1876 656 1925 exstante
664 1868 811 1923 cohaerent.

161 1940 247 1996 Flevit
255 1945 479 2000 amansGianens:
489 1945 657 2013 nimiumque
665 1941 865 2000 hostiliternsae

125 2015 230 2072 viribus
238 2013 381 2070 herbarum
392 2017 462 2090 fugit
469 2016 601 2071 connubia
610 2015 707 2071 Circes.

72 2105 97 2148 te
124 2088 386 2167 Scyllaloeomansit:
397 2106 536 2162 quumque
545 2088 861 2164 estdataeopiaprimum,

126 2170 154 2223 in
164 2166 251 2223 Cineas
260 2163 351 2221 odium
361 2165 440 2220 sociis
450 2161 685 2235 spoliaritUlixsn.

126 2243 188 2299 Mox
197 2241 288 2299 eadem
298 2242 411 2297 Teucras
419 2237 504 2295 iuerat
517 2256 634 2296 mersura
644 2241 756 2306 carinas,

127 2319 154 2371 ni
167 2319 243 2391 prius
257 2318 287 2373 in
305 2315 460 2390 scopulum,
479 2315 527 2387 qui
546 2333 618 2372 nunc
636 2333 744 2389 quoque
765 2333 863 2372 saxeus

381 2410 384 2414 ·
601 2398 694 2456 exstat,

126 2466 309 2524 transformata
319 2466 393 2522 foret.
418 2463 777 2539 Scopulumqunquenavita
785 2467 861 2520 vitat.

71 2550 98 2593 75
163 2541 236 2596 Hanc
244 2542 291 2596 ubi
302 2542 428 2597 Troianae
437 2540 516 2595 remis
527 2541 687 2613 avidamque
697 2539 849 2611 Charybdin

93 2616 310 2676 er'mererates:
331 2635 420 2696 quum
431 2617 485 2677 iam
495 2634 579 2695 prope
586 2615 665 2672 iittus
673 2613 795 2670 adessent
