1874 2940
70 127 119 181 ut
262 136 290 181 P.
311 137 437 183 ovrnn
455 138 621 184 uasoms

68 249 130 303 pars
140 232 259 287 verubus
269 232 375 288 stridet:
396 240 506 289 manent
515 235 657 302 penetralia
666 234 737 290 tubo.

67 306 116 359 His
126 305 234 360 adhibet
242 307 342 361 coniux
353 308 475 378 ignarum
488 306 566 360 Terea
579 310 693 365 mensis:

68 386 93 432 et
103 380 181 448 patrii
192 380 275 433 moris
284 397 389 432 sacrum
402 377 519 439 mentita,
540 382 613 446 quod
624 384 671 437 uni

68 451 108 506 fas
122 453 158 505 sit
170 452 243 506 athre
253 453 319 514 viro,
340 451 449 504 comites
463 447 630 516 famulosque
642 457 765 512 removit.
845 503 852 511 ,

35 539 53 582 it
68 527 127 596 lpse
137 525 232 579 sedens
245 524 311 577 solio
320 524 418 575 Tereus
428 519 552 574 sublimis
563 521 633 572 avito

69 600 199 653 vescitur:
220 598 303 666 inque
312 612 390 648 suam
401 611 449 648 sua
461 592 561 647 viscera
571 593 689 664 congerit
699 597 803 658 alvum,

70 673 206 743 Tantaque
216 687 270 724 nox
278 668 362 722 animi
372 676 425 734 est,
447 669 506 742 ltyn
520 665 715 732 hucaocersite,
735 671 817 732 dixit.

69 745 243 802 Dissimulare
253 743 347 814 nequit
355 743 471 798 crudelia
481 742 579 817 gaudia
590 744 702 797 Procne:

70 821 178 891 iamque
191 835 255 872 suae
264 818 376 889 cupiens
385 820 511 874 exsistere
522 818 615 873 nuntia
625 816 721 886 cledis;

35 908 56 949 tt
69 895 145 948 Intus
158 894 254 959 habes,
275 894 348 965 quod
362 896 464 966 poscis,
487 894 533 949 ait.
563 892 749 964 Circumspicit
760 891 816 958 ille,

71 967 201 1039 atqueubi
208 969 252 1034 sit,
258 971 371 1041 quaerit.
383 969 534 1038 Quaerenti,
542 969 692 1040 iterumque
700 969 817 1035 vocanti,

71 1042 141 1097 siout
149 1052 203 1098 erat
212 1046 312 1116 sparsis
323 1044 410 1101 luriali
421 1046 499 1101 caede
509 1043 623 1115 capillis,

71 1117 208 1189 prosiluit,
230 1122 355 1195 Ityosque
367 1130 446 1192 caput
456 1119 602 1175 Philomela
612 1125 754 1173 cruentum

71 1194 146 1249 misit
154 1195 182 1250 in
193 1214 238 1252 ora
249 1196 345 1268 patris:
367 1213 415 1250 nec
425 1205 541 1267 tempore
551 1193 647 1248 maluit
657 1192 714 1249 ullo

35 1281 57 1325 tu
71 1288 150 1341 posse
162 1271 245 1344 loqui,
265 1280 291 1326 et
303 1271 405 1326 meritis
415 1271 503 1325 testari
514 1269 613 1342 gaudia
626 1267 715 1324 dictis.

73 1347 202 1402 Thracius
213 1347 314 1420 ingenti
326 1364 432 1401 mensas
442 1345 556 1400 clamore
566 1342 678 1415 repellit,

73 1422 246 1492 vipereasque
255 1422 306 1474 ciet
315 1421 405 1494 Stygia
417 1421 449 1474 de
459 1419 527 1474 valle
538 1435 655 1474 sorores:

73 1495 195 1558 etmodo,
217 1495 240 1546 si
251 1502 350 1563 posset,
371 1502 484 1547 reserato
493 1503 596 1564 pectore
606 1492 679 1547 diras

73 1585 178 1641 egerere
188 1567 249 1620 inde
259 1568 340 1636 dapes
350 1567 523 1637 demersaque
533 1569 633 1622 viscera
643 1566 737 1640 gestit3

35 1655 59 1697 55
76 1645 121 1700 llet
142 1641 229 1704 modo,
250 1657 332 1712 seque
342 1649 417 1694 vocat
427 1642 536 1695 bustum
547 1641 700 1697 miserabile
712 1639 781 1696 nati:

75 1733 148 1771 nunc
157 1717 279 1786 sequitur
289 1715 361 1770 nudo
371 1716 475 1788 genitas
484 1716 620 1773 Pandione
630 1715 708 1772 lerro.

75 1790 190 1860 Corpora
199 1790 374 1862 Cecropidum
386 1792 482 1861 pennis
491 1792 606 1863 pendere
615 1800 736 1864 putares3

75 1866 224 1937 pendebant
234 1866 340 1936 pennis.
371 1864 491 1932 Quarum
502 1867 566 1938 petit
576 1867 656 1922 altera
666 1864 762 1920 silvas:

75 1939 155 1993 altera
169 1948 233 1992 tecta
242 1941 325 1996 subit.
354 1941 448 2014 Neque
458 1942 544 1997 adhuc
553 1942 587 1997 de
596 1937 795 2013 pectorecaedis

35 2028 60 2070 tu
75 2031 209 2068 excessere
220 2022 308 2083 notae;
329 2016 487 2089 signataque
496 2017 628 2090 sanguine
637 2011 731 2084 pluma
740 2019 790 2065 est.

75 2089 121 2143 llle
130 2087 219 2143 dolore
229 2107 287 2154 suo,
308 2109 461 2164 poenaeque
469 2088 691 2163 cupidinevelox‚

74 2165 186 2218 vertitur
195 2163 224 2217 in
235 2164 385 2232 volucrem,
406 2167 450 2222 cui
461 2175 531 2221 stant
541 2166 569 2220 in
579 2166 677 2221 vertice
686 2164 795 2220 cristae:

74 2239 209 2310 prominet
219 2238 393 2295 immodicum
408 2259 456 2313 pro
467 2241 545 2313 longa
555 2240 667 2311 cuspide
678 2246 806 2295 rostrum.

74 2316 177 2369 Nomen
188 2313 278 2386 Epops
288 2316 407 2370 volucri:
429 2316 508 2370 iacies
518 2323 617 2368 armata
630 2314 745 2369 videtur.

35 2400 60 2441 to
76 2390 123 2442 Hic
133 2389 208 2443 dolor
218 2391 356 2444 antediem
368 2391 515 2462 longaeque
525 2396 641 2443 extrema
652 2395 772 2444 senectae

77 2471 208 2534 tempora,
229 2466 364 2518 Tartareas
375 2464 508 2518 Pandiona
520 2462 594 2517 misit
603 2463 636 2517 ad
647 2462 768 2518 umbras.

114 2537 221 2607 Sceptra
241 2537 301 2604 loci,
321 2555 465 2609 rerumque
485 2538 555 2610 capit
574 2538 742 2592 moderamen
762 2535 830 2592 Ere-

534 2612 661 2676 chtheus3
