<?xml version="1.0" encoding="UTF-8"?>
<!DOCTYPE html PUBLIC "-//W3C//DTD XHTML 1.0 Transitional//EN"
    "http://www.w3.org/TR/xhtml1/DTD/xhtml1-transitional.dtd">
<html xmlns="http://www.w3.org/1999/xhtml" xml:lang="en" lang="en">
 <head>
  <title>
</title>
<meta http-equiv="Content-Type" content="text/html;charset=utf-8" />
  <meta name='ocr-system' content='tesseract 3.04.00' />
  <meta name='ocr-capabilities' content='ocr_page ocr_carea ocr_par ocr_line ocrx_word'/>
</head>
<body>
  <div class='ocr_page' id='page_1' title='image "./povidiinasoniso01ovidgoog_0083.png"; bbox 0 0 1874 2940; ppageno 0'>
   <div class='ocr_carea' id='block_1_1' title="bbox 107 115 644 169">
    <p class='ocr_par' dir='ltr' id='par_1_1' title="bbox 107 115 644 169">
     <span class='ocr_line' id='line_1_1' title="bbox 107 115 644 169; baseline -0.009 0"><span class='ocrx_word' id='word_1_1' title='bbox 107 115 140 169; x_wconf 82' lang='grc'>’16</span> <span class='ocrx_word' id='word_1_2' title='bbox 284 121 313 166; x_wconf 88' lang='lat' dir='ltr'><strong>P.</strong></span> <span class='ocrx_word' id='word_1_3' title='bbox 333 119 461 166; x_wconf 84' lang='lat' dir='ltr'>OVIDII</span> <span class='ocrx_word' id='word_1_4' title='bbox 479 119 644 166; x_wconf 77' lang='lat' dir='ltr'>NASONIS</span> 
     </span>
    </p>
   </div>
   <div class='ocr_carea' id='block_1_2' title="bbox 52 219 852 2687">
    <p class='ocr_par' dir='ltr' id='par_1_2' title="bbox 54 219 840 593">
     <span class='ocr_line' id='line_1_2' title="bbox 54 219 713 294; baseline -0.005 -16"><span class='ocrx_word' id='word_1_5' title='bbox 54 234 92 278; x_wconf 80' lang='grc'><strong>000</strong></span> <span class='ocrx_word' id='word_1_6' title='bbox 107 239 214 293; x_wconf 87' lang='lat' dir='ltr'><strong>corpora</strong></span> <span class='ocrx_word' id='word_1_7' title='bbox 225 221 363 277; x_wconf 86' lang='lat' dir='ltr'><strong>tormentis</strong></span> <span class='ocrx_word' id='word_1_8' title='bbox 373 220 481 294; x_wconf 77' lang='lat' dir='ltr'>Stygiae</span> <span class='ocrx_word' id='word_1_9' title='bbox 492 219 621 274; x_wconf 77' lang='lat' dir='ltr'><strong>demittite</strong></span> <span class='ocrx_word' id='word_1_10' title='bbox 634 219 713 275; x_wconf 91' lang='lat' dir='ltr'><strong>nocti.</strong></span> 
     </span>
     <span class='ocr_line' id='line_1_3' title="bbox 106 294 771 366; baseline -0.003 -15"><span class='ocrx_word' id='word_1_11' title='bbox 106 297 231 351; x_wconf 85' lang='lat' dir='ltr'><strong>Protinus</strong></span> <span class='ocrx_word' id='word_1_12' title='bbox 241 296 388 351; x_wconf 87' lang='lat' dir='ltr'><strong>abstractus</strong></span> <span class='ocrx_word' id='word_1_13' title='bbox 397 294 490 350; x_wconf 87' lang='lat' dir='ltr'><strong>solidis</strong></span> <span class='ocrx_word' id='word_1_14' title='bbox 501 294 654 366; x_wconf 85' lang='lat' dir='ltr'><strong>Tyrrhenus</strong></span> <span class='ocrx_word' id='word_1_15' title='bbox 663 294 771 351; x_wconf 77' lang='lat' dir='ltr'><strong>Acoetes</strong></span> 
     </span>
     <span class='ocr_line' id='line_1_4' title="bbox 108 367 727 426; baseline -0.003 0"><span class='ocrx_word' id='word_1_16' title='bbox 108 370 280 426; x_wconf 84' lang='lat' dir='ltr'><strong>clauditurin</strong></span> <span class='ocrx_word' id='word_1_17' title='bbox 292 372 379 426; x_wconf 87' lang='lat' dir='ltr'><strong>tectis:</strong></span> <span class='ocrx_word' id='word_1_18' title='bbox 400 377 426 424; x_wconf 90' lang='lat' dir='ltr'><strong>et</strong></span> <span class='ocrx_word' id='word_1_19' title='bbox 435 367 502 423; x_wconf 93' lang='lat' dir='ltr'><strong>dum</strong></span> <span class='ocrx_word' id='word_1_20' title='bbox 512 368 629 423; x_wconf 82' lang='lat' dir='ltr'><strong>crudelia</strong></span> <span class='ocrx_word' id='word_1_21' title='bbox 639 371 727 424; x_wconf 87' lang='lat' dir='ltr'><strong>iussae</strong></span> 
     </span>
     <span class='ocr_line' id='line_1_5' title="bbox 107 442 840 515; baseline 0 -14"><span class='ocrx_word' id='word_1_22' title='bbox 107 447 283 501; x_wconf 76' lang='lat' dir='ltr'><strong>instrumente</strong></span> <span class='ocrx_word' id='word_1_23' title='bbox 296 445 378 508; x_wconf 87' lang='lat' dir='ltr'><strong>necis,</strong></span> <span class='ocrx_word' id='word_1_24' title='bbox 399 442 554 513; x_wconf 74' lang='lat' dir='ltr'><strong>ferrumque</strong></span> <span class='ocrx_word' id='word_1_25' title='bbox 564 443 688 515; x_wconf 85' lang='lat' dir='ltr'><strong>ignisque</strong></span> <span class='ocrx_word' id='word_1_26' title='bbox 698 452 840 515; x_wconf 85' lang='lat' dir='ltr'><strong>parantur;</strong></span> 
     </span>
     <span class='ocr_line' id='line_1_6' title="bbox 108 517 758 593; baseline -0.003 -17"><span class='ocrx_word' id='word_1_27' title='bbox 108 529 202 593; x_wconf 87' lang='lat' dir='ltr'><strong>sponte</strong></span> <span class='ocrx_word' id='word_1_28' title='bbox 211 539 259 576; x_wconf 87' lang='lat' dir='ltr'><strong>sua</strong></span> <span class='ocrx_word' id='word_1_29' title='bbox 270 519 388 592; x_wconf 87' lang='lat' dir='ltr'><strong>patuisse</strong></span> <span class='ocrx_word' id='word_1_30' title='bbox 400 517 482 583; x_wconf 84' lang='lat' dir='ltr'><strong>iores,</strong></span> <span class='ocrx_word' id='word_1_31' title='bbox 504 517 646 588; x_wconf 86' lang='lat' dir='ltr'><strong>lapsasque</strong></span> <span class='ocrx_word' id='word_1_32' title='bbox 656 517 758 574; x_wconf 87' lang='lat' dir='ltr'><strong>lacertis</strong></span> 
     </span>
    </p>

    <p class='ocr_par' dir='ltr' id='par_1_3' title="bbox 53 591 763 667">
     <span class='ocr_line' id='line_1_7' title="bbox 53 591 763 667; baseline 0 -19"><span class='ocrx_word' id='word_1_33' title='bbox 53 605 92 649; x_wconf 81' lang='grc'><strong>000</strong></span> <span class='ocrx_word' id='word_1_34' title='bbox 107 603 200 667; x_wconf 87' lang='lat' dir='ltr'><strong>sponte</strong></span> <span class='ocrx_word' id='word_1_35' title='bbox 208 614 258 650; x_wconf 87' lang='lat' dir='ltr'><strong>sua</strong></span> <span class='ocrx_word' id='word_1_36' title='bbox 268 594 338 648; x_wconf 82' lang='lat' dir='ltr'><strong>fama</strong></span> <span class='ocrx_word' id='word_1_37' title='bbox 348 599 397 657; x_wconf 87' lang='lat' dir='ltr'><strong>est,</strong></span> <span class='ocrx_word' id='word_1_38' title='bbox 417 591 492 646; x_wconf 85' lang='lat' dir='ltr'><strong>nulio</strong></span> <span class='ocrx_word' id='word_1_39' title='bbox 501 592 628 656; x_wconf 89' lang='lat' dir='ltr'><strong>solvente,</strong></span> <span class='ocrx_word' id='word_1_40' title='bbox 648 600 763 648; x_wconf 85' lang='lat' dir='ltr'><strong>catenas.</strong></span> 
     </span>
    </p>

    <p class='ocr_par' dir='ltr' id='par_1_4' title="bbox 106 665 833 872">
     <span class='ocr_line' id='line_1_8' title="bbox 143 665 833 738; baseline -0.001 -13"><span class='ocrx_word' id='word_1_41' title='bbox 143 672 243 725; x_wconf 85' lang='lat' dir='ltr'><strong>Perstat</strong></span> <span class='ocrx_word' id='word_1_42' title='bbox 251 667 423 722; x_wconf 87' lang='lat' dir='ltr'><strong>Echionides:</strong></span> <span class='ocrx_word' id='word_1_43' title='bbox 445 683 494 720; x_wconf 89' lang='lat' dir='ltr'><strong>nec</strong></span> <span class='ocrx_word' id='word_1_44' title='bbox 503 668 557 721; x_wconf 91' lang='lat' dir='ltr'><strong>iam</strong></span> <span class='ocrx_word' id='word_1_45' title='bbox 565 665 639 720; x_wconf 91' lang='lat' dir='ltr'><strong>iubet</strong></span> <span class='ocrx_word' id='word_1_46' title='bbox 648 666 695 730; x_wconf 87' lang='lat' dir='ltr'><strong>iro,</strong></span> <span class='ocrx_word' id='word_1_47' title='bbox 716 668 763 722; x_wconf 91' lang='lat' dir='ltr'><strong>sed</strong></span> <span class='ocrx_word' id='word_1_48' title='bbox 775 668 833 738; x_wconf 85' lang='lat' dir='ltr'><strong>ipse</strong></span> 
     </span>
     <span class='ocr_line' id='line_1_9' title="bbox 106 739 813 808; baseline -0.001 -10"><span class='ocrx_word' id='word_1_49' title='bbox 106 742 189 808; x_wconf 81' lang='lat' dir='ltr'><strong>vadit,</strong></span> <span class='ocrx_word' id='word_1_50' title='bbox 209 743 271 806; x_wconf 86' lang='lat' dir='ltr'><strong>uhi,</strong></span> <span class='ocrx_word' id='word_1_51' title='bbox 291 739 653 804; x_wconf 83' lang='lat' dir='ltr'><strong>eiectusfaciendaadsacra,</strong></span> <span class='ocrx_word' id='word_1_52' title='bbox 673 740 813 797; x_wconf 86' lang='lat' dir='ltr'><strong>Cithaeron</strong></span> 
     </span>
     <span class='ocr_line' id='line_1_10' title="bbox 106 813 733 872; baseline -0.006 -1"><span class='ocrx_word' id='word_1_53' title='bbox 106 817 229 872; x_wconf 84' lang='lat' dir='ltr'><strong>cantibus</strong></span> <span class='ocrx_word' id='word_1_54' title='bbox 243 823 268 869; x_wconf 88' lang='lat' dir='ltr'><strong>et</strong></span> <span class='ocrx_word' id='word_1_55' title='bbox 277 813 346 869; x_wconf 88' lang='lat' dir='ltr'><strong>clara</strong></span> <span class='ocrx_word' id='word_1_56' title='bbox 356 814 532 870; x_wconf 81' lang='lat' dir='ltr'><strong>bacchantum</strong></span> <span class='ocrx_word' id='word_1_57' title='bbox 541 831 605 870; x_wconf 90' lang='lat' dir='ltr'><strong>voce</strong></span> <span class='ocrx_word' id='word_1_58' title='bbox 613 813 733 868; x_wconf 86' lang='lat' dir='ltr'><strong>sonabat.</strong></span> 
     </span>
    </p>

    <p class='ocr_par' dir='ltr' id='par_1_5' title="bbox 108 887 820 961">
     <span class='ocr_line' id='line_1_11' title="bbox 108 887 820 961; baseline -0.006 -15"><span class='ocrx_word' id='word_1_59' title='bbox 108 892 140 947; x_wconf 90' lang='lat' dir='ltr'><strong>Ut</strong></span> <span class='ocrx_word' id='word_1_60' title='bbox 149 889 237 944; x_wconf 82' lang='lat' dir='ltr'><strong>fremit</strong></span> <span class='ocrx_word' id='word_1_61' title='bbox 248 905 306 943; x_wconf 86' lang='lat' dir='ltr'><strong>acer</strong></span> <span class='ocrx_word' id='word_1_62' title='bbox 316 906 418 959; x_wconf 88' lang='lat' dir='ltr'><strong>equus,</strong></span> <span class='ocrx_word' id='word_1_63' title='bbox 439 907 524 961; x_wconf 92' lang='lat' dir='ltr'><strong>quum</strong></span> <span class='ocrx_word' id='word_1_64' title='bbox 534 887 647 944; x_wconf 84' lang='lat' dir='ltr'><strong>bellicus</strong></span> <span class='ocrx_word' id='word_1_65' title='bbox 656 905 715 942; x_wconf 90' lang='lat' dir='ltr'><strong>aere</strong></span> <span class='ocrx_word' id='word_1_66' title='bbox 724 904 820 942; x_wconf 92' lang='lat' dir='ltr'><strong>canoro</strong></span> 
     </span>
    </p>

    <p class='ocr_par' dir='ltr' id='par_1_6' title="bbox 52 963 835 1172">
     <span class='ocr_line' id='line_1_12' title="bbox 52 963 835 1038; baseline 0.001 -20"><span class='ocrx_word' id='word_1_67' title='bbox 52 975 91 1019; x_wconf 80' lang='lat'><strong>705</strong></span> <span class='ocrx_word' id='word_1_68' title='bbox 107 965 184 1038; x_wconf 78' lang='lat' dir='ltr'><strong>signa</strong></span> <span class='ocrx_word' id='word_1_69' title='bbox 193 963 265 1018; x_wconf 83' lang='lat' dir='ltr'><strong>dedit</strong></span> <span class='ocrx_word' id='word_1_70' title='bbox 273 964 395 1032; x_wconf 74' lang='lat' dir='ltr'><strong>tubicen,</strong></span> <span class='ocrx_word' id='word_1_71' title='bbox 414 981 574 1038; x_wconf 79' lang='lat' dir='ltr'><strong>pugnaeque</strong></span> <span class='ocrx_word' id='word_1_72' title='bbox 582 963 695 1018; x_wconf 87' lang='lat' dir='ltr'><strong>assumit</strong></span> <span class='ocrx_word' id='word_1_73' title='bbox 704 978 835 1019; x_wconf 77' lang='lat' dir='ltr'><strong>amorem.</strong></span> 
     </span>
     <span class='ocr_line' id='line_1_13' title="bbox 106 1038 705 1113; baseline -0.002 -18"><span class='ocrx_word' id='word_1_74' title='bbox 106 1039 221 1095; x_wconf 86' lang='lat' dir='ltr'><strong>Penthea</strong></span> <span class='ocrx_word' id='word_1_75' title='bbox 234 1039 273 1093; x_wconf 85' lang='lat' dir='ltr'><strong>sic</strong></span> <span class='ocrx_word' id='word_1_76' title='bbox 282 1039 351 1094; x_wconf 91' lang='lat' dir='ltr'><strong>ictus</strong></span> <span class='ocrx_word' id='word_1_77' title='bbox 361 1038 449 1113; x_wconf 82' lang='lat' dir='ltr'><strong>longis</strong></span> <span class='ocrx_word' id='word_1_78' title='bbox 460 1039 607 1094; x_wconf 89' lang='lat' dir='ltr'><strong>ululatibus</strong></span> <span class='ocrx_word' id='word_1_79' title='bbox 616 1039 705 1095; x_wconf 87' lang='lat' dir='ltr'><strong>aether</strong></span> 
     </span>
     <span class='ocr_line' id='line_1_14' title="bbox 106 1114 675 1172; baseline -0.005 0"><span class='ocrx_word' id='word_1_80' title='bbox 106 1115 203 1172; x_wconf 86' lang='lat' dir='ltr'><strong>movit:</strong></span> <span class='ocrx_word' id='word_1_81' title='bbox 224 1121 250 1170; x_wconf 87' lang='lat' dir='ltr'><strong>et</strong></span> <span class='ocrx_word' id='word_1_82' title='bbox 259 1114 350 1171; x_wconf 90' lang='lat' dir='ltr'><strong>audito</strong></span> <span class='ocrx_word' id='word_1_83' title='bbox 358 1114 473 1170; x_wconf 85' lang='lat' dir='ltr'><strong>elamore</strong></span> <span class='ocrx_word' id='word_1_84' title='bbox 482 1115 619 1171; x_wconf 86' lang='lat' dir='ltr'><strong>recanduit</strong></span> <span class='ocrx_word' id='word_1_85' title='bbox 626 1115 675 1170; x_wconf 90' lang='lat' dir='ltr'><strong>ira.</strong></span> 
     </span>
    </p>

    <p class='ocr_par' dir='ltr' id='par_1_7' title="bbox 105 1186 848 1340">
     <span class='ocr_line' id='line_1_15' title="bbox 143 1186 848 1266; baseline -0.007 -18"><span class='ocrx_word' id='word_1_86' title='bbox 143 1192 231 1248; x_wconf 87' lang='lat' dir='ltr'><strong>Monte</strong></span> <span class='ocrx_word' id='word_1_87' title='bbox 239 1190 293 1247; x_wconf 85' lang='lat' dir='ltr'><strong>fere</strong></span> <span class='ocrx_word' id='word_1_88' title='bbox 302 1191 389 1248; x_wconf 88' lang='lat' dir='ltr'><strong>medio</strong></span> <span class='ocrx_word' id='word_1_89' title='bbox 398 1198 452 1257; x_wconf 88' lang='lat' dir='ltr'><strong>est,</strong></span> <span class='ocrx_word' id='word_1_90' title='bbox 473 1191 642 1266; x_wconf 82' lang='lat' dir='ltr'><strong>cingentibus</strong></span> <span class='ocrx_word' id='word_1_91' title='bbox 654 1189 749 1246; x_wconf 90' lang='lat' dir='ltr'><strong>ultima</strong></span> <span class='ocrx_word' id='word_1_92' title='bbox 762 1186 848 1256; x_wconf 86' lang='lat' dir='ltr'><strong>silvis,</strong></span> 
     </span>
     <span class='ocr_line' id='line_1_16' title="bbox 105 1267 830 1340; baseline -0.006 -17"><span class='ocrx_word' id='word_1_93' title='bbox 105 1285 191 1339; x_wconf 87' lang='lat' dir='ltr'><strong>purus</strong></span> <span class='ocrx_word' id='word_1_94' title='bbox 200 1267 235 1323; x_wconf 91' lang='lat' dir='ltr'><strong>ab</strong></span> <span class='ocrx_word' id='word_1_95' title='bbox 245 1268 396 1334; x_wconf 90' lang='lat' dir='ltr'><strong>arboribus,</strong></span> <span class='ocrx_word' id='word_1_96' title='bbox 417 1267 569 1340; x_wconf 83' lang='lat' dir='ltr'><strong>spectabilis</strong></span> <span class='ocrx_word' id='word_1_97' title='bbox 577 1267 698 1339; x_wconf 90' lang='lat' dir='ltr'><strong>undique</strong></span> <span class='ocrx_word' id='word_1_98' title='bbox 707 1281 830 1336; x_wconf 87' lang='lat' dir='ltr'><strong>campus.</strong></span> 
     </span>
    </p>

    <p class='ocr_par' dir='ltr' id='par_1_8' title="bbox 53 1341 822 1709">
     <span class='ocr_line' id='line_1_17' title="bbox 53 1341 707 1415; baseline 0.005 -21"><span class='ocrx_word' id='word_1_99' title='bbox 53 1352 92 1396; x_wconf 81' lang='grc'><strong>710</strong></span> <span class='ocrx_word' id='word_1_100' title='bbox 107 1343 155 1398; x_wconf 88' lang='grc'>1110</span> <span class='ocrx_word' id='word_1_101' title='bbox 165 1343 249 1399; x_wconf 90' lang='lat' dir='ltr'><strong>oculis</strong></span> <span class='ocrx_word' id='word_1_102' title='bbox 259 1343 336 1398; x_wconf 91' lang='lat' dir='ltr'><strong>illum</strong></span> <span class='ocrx_word' id='word_1_103' title='bbox 346 1352 497 1398; x_wconf 83' lang='lat' dir='ltr'><strong>cernentem</strong></span> <span class='ocrx_word' id='word_1_104' title='bbox 507 1361 580 1399; x_wconf 88' lang='lat' dir='ltr'><strong>sacra</strong></span> <span class='ocrx_word' id='word_1_105' title='bbox 590 1341 707 1415; x_wconf 83' lang='lat' dir='ltr'><strong>profanis</strong></span> 
     </span>
     <span class='ocr_line' id='line_1_18' title="bbox 106 1415 755 1488; baseline 0.002 -18"><span class='ocrx_word' id='word_1_106' title='bbox 106 1419 194 1488; x_wconf 89' lang='lat' dir='ltr'><strong>prima</strong></span> <span class='ocrx_word' id='word_1_107' title='bbox 203 1415 284 1481; x_wconf 88' lang='lat' dir='ltr'><strong>videt,</strong></span> <span class='ocrx_word' id='word_1_108' title='bbox 304 1419 390 1488; x_wconf 88' lang='lat' dir='ltr'><strong>prima</strong></span> <span class='ocrx_word' id='word_1_109' title='bbox 400 1425 440 1472; x_wconf 86' lang='lat' dir='ltr'><strong>est</strong></span> <span class='ocrx_word' id='word_1_110' title='bbox 449 1419 544 1473; x_wconf 88' lang='lat' dir='ltr'><strong>insano</strong></span> <span class='ocrx_word' id='word_1_111' title='bbox 553 1419 654 1473; x_wconf 89' lang='lat' dir='ltr'><strong>concito</strong></span> <span class='ocrx_word' id='word_1_112' title='bbox 663 1434 755 1480; x_wconf 90' lang='lat' dir='ltr'><strong>cursu,</strong></span> 
     </span>
     <span class='ocr_line' id='line_1_19' title="bbox 106 1490 722 1564; baseline 0.005 -21"><span class='ocrx_word' id='word_1_113' title='bbox 106 1490 193 1562; x_wconf 85' lang='lat' dir='ltr'><strong>prima</strong></span> <span class='ocrx_word' id='word_1_114' title='bbox 203 1506 283 1544; x_wconf 90' lang='lat' dir='ltr'><strong>suum</strong></span> <span class='ocrx_word' id='word_1_115' title='bbox 294 1491 377 1545; x_wconf 87' lang='lat' dir='ltr'><strong>misso</strong></span> <span class='ocrx_word' id='word_1_116' title='bbox 385 1491 495 1547; x_wconf 87' lang='lat' dir='ltr'><strong>violavit</strong></span> <span class='ocrx_word' id='word_1_117' title='bbox 505 1493 620 1547; x_wconf 88' lang='lat' dir='ltr'><strong>Penthea</strong></span> <span class='ocrx_word' id='word_1_118' title='bbox 628 1492 722 1564; x_wconf 86' lang='lat' dir='ltr'><strong>thyrso</strong></span> 
     </span>
     <span class='ocr_line' id='line_1_20' title="bbox 107 1562 822 1635; baseline -0.001 -17"><span class='ocrx_word' id='word_1_119' title='bbox 107 1570 199 1628; x_wconf 87' lang='lat' dir='ltr'><strong>mater,</strong></span> <span class='ocrx_word' id='word_1_120' title='bbox 220 1570 254 1627; x_wconf 88' lang='lat' dir='ltr'><strong>et,</strong></span> <span class='ocrx_word' id='word_1_121' title='bbox 277 1562 440 1635; x_wconf 81' lang='lat' dir='ltr'><strong>Ogeminae,</strong></span> <span class='ocrx_word' id='word_1_122' title='bbox 460 1565 592 1629; x_wconf 84' lang='lat' dir='ltr'><strong>clamavit,</strong></span> <span class='ocrx_word' id='word_1_123' title='bbox 613 1565 700 1618; x_wconf 82' lang='lat' dir='ltr'><strong>adeste</strong></span> <span class='ocrx_word' id='word_1_124' title='bbox 709 1579 822 1617; x_wconf 86' lang='lat' dir='ltr'><strong>sorores.</strong></span> 
     </span>
     <span class='ocr_line' id='line_1_21' title="bbox 107 1635 774 1709; baseline -0.007 -18"><span class='ocrx_word' id='word_1_125' title='bbox 107 1637 154 1692; x_wconf 88' lang='grc'>1110</span> <span class='ocrx_word' id='word_1_126' title='bbox 163 1654 239 1709; x_wconf 88' lang='lat' dir='ltr'><strong>aper,</strong></span> <span class='ocrx_word' id='word_1_127' title='bbox 259 1636 288 1690; x_wconf 94' lang='lat' dir='ltr'><strong>in</strong></span> <span class='ocrx_word' id='word_1_128' title='bbox 302 1637 399 1691; x_wconf 91' lang='lat' dir='ltr'><strong>nostris</strong></span> <span class='ocrx_word' id='word_1_129' title='bbox 412 1648 480 1691; x_wconf 85' lang='lat' dir='ltr'><strong>errat</strong></span> <span class='ocrx_word' id='word_1_130' title='bbox 489 1638 536 1708; x_wconf 92' lang='lat' dir='ltr'><strong>qui</strong></span> <span class='ocrx_word' id='word_1_131' title='bbox 547 1637 682 1691; x_wconf 87' lang='lat' dir='ltr'><strong>maximus</strong></span> <span class='ocrx_word' id='word_1_132' title='bbox 692 1635 774 1707; x_wconf 82' lang='lat' dir='ltr'><strong>agris,</strong></span> 
     </span>
    </p>

    <p class='ocr_par' dir='ltr' id='par_1_9' title="bbox 53 1710 852 1856">
     <span class='ocr_line' id='line_1_22' title="bbox 53 1710 776 1782; baseline -0.004 -17"><span class='ocrx_word' id='word_1_133' title='bbox 53 1722 93 1766; x_wconf 78' lang='lat'><strong>715</strong></span> <span class='ocrx_word' id='word_1_134' title='bbox 107 1711 152 1767; x_wconf 91' lang='lat' dir='ltr'><strong>ille</strong></span> <span class='ocrx_word' id='word_1_135' title='bbox 162 1712 228 1766; x_wconf 91' lang='lat' dir='ltr'><strong>mihi</strong></span> <span class='ocrx_word' id='word_1_136' title='bbox 239 1710 372 1767; x_wconf 85' lang='lat' dir='ltr'><strong>feriendus</strong></span> <span class='ocrx_word' id='word_1_137' title='bbox 382 1728 454 1782; x_wconf 89' lang='lat' dir='ltr'><strong>aper.</strong></span> <span class='ocrx_word' id='word_1_138' title='bbox 480 1712 544 1766; x_wconf 87' lang='lat' dir='ltr'><strong>Ruit</strong></span> <span class='ocrx_word' id='word_1_139' title='bbox 553 1711 641 1766; x_wconf 87' lang='lat' dir='ltr'><strong>omnis</strong></span> <span class='ocrx_word' id='word_1_140' title='bbox 650 1710 679 1764; x_wconf 94' lang='lat' dir='ltr'><strong>in</strong></span> <span class='ocrx_word' id='word_1_141' title='bbox 689 1726 776 1763; x_wconf 91' lang='lat' dir='ltr'><strong>unum</strong></span> 
     </span>
     <span class='ocr_line' id='line_1_23' title="bbox 109 1785 852 1856; baseline -0.001 -14"><span class='ocrx_word' id='word_1_142' title='bbox 109 1787 187 1844; x_wconf 88' lang='lat' dir='ltr'><strong>turba</strong></span> <span class='ocrx_word' id='word_1_143' title='bbox 216 1785 322 1842; x_wconf 83' lang='lat' dir='ltr'><strong>iurene:</strong></span> <span class='ocrx_word' id='word_1_144' title='bbox 351 1794 461 1842; x_wconf 87' lang='lat' dir='ltr'><strong>cunctae</strong></span> <span class='ocrx_word' id='word_1_145' title='bbox 488 1788 597 1850; x_wconf 72' lang='lat' dir='ltr'><strong>coeunt,</strong></span> <span class='ocrx_word' id='word_1_146' title='bbox 628 1791 790 1856; x_wconf 84' lang='lat' dir='ltr'><strong>cunctaeque</strong></span> <span class='ocrx_word' id='word_1_147' title='bbox 809 1803 852 1841; x_wconf 88' lang='lat' dir='ltr'><strong>se-</strong></span> 
     </span>
    </p>

    <p class='ocr_par' dir='ltr' id='par_1_10' title="bbox 107 1865 848 2157">
     <span class='ocr_line' id='line_1_24' title="bbox 586 1865 708 1931; baseline -0.008 -18"><span class='ocrx_word' id='word_1_148' title='bbox 586 1865 708 1931; x_wconf 88' lang='lat' dir='ltr'><strong>quuntur</strong></span> 
     </span>
     <span class='ocr_line' id='line_1_25' title="bbox 108 1932 848 2008; baseline 0 -18"><span class='ocrx_word' id='word_1_149' title='bbox 108 1936 162 1991; x_wconf 93' lang='lat' dir='ltr'><strong>iam</strong></span> <span class='ocrx_word' id='word_1_150' title='bbox 172 1935 462 2008; x_wconf 79' lang='lat' dir='ltr'><strong>trepidum‚iamverba</strong></span> <span class='ocrx_word' id='word_1_151' title='bbox 471 1932 848 2005; x_wconf 86' lang='lat' dir='ltr'><strong>minusviolentaloquentem‚</strong></span> 
     </span>
     <span class='ocr_line' id='line_1_26' title="bbox 107 2006 774 2082; baseline 0 -17"><span class='ocrx_word' id='word_1_152' title='bbox 107 2011 162 2065; x_wconf 87' lang='lat' dir='ltr'><strong>iam</strong></span> <span class='ocrx_word' id='word_1_153' title='bbox 172 2028 201 2065; x_wconf 92' lang='lat' dir='ltr'><strong>se</strong></span> <span class='ocrx_word' id='word_1_154' title='bbox 209 2010 390 2078; x_wconf 82' lang='lat' dir='ltr'><strong>damnantem,</strong></span> <span class='ocrx_word' id='word_1_155' title='bbox 409 2012 463 2066; x_wconf 90' lang='lat' dir='ltr'><strong>iam</strong></span> <span class='ocrx_word' id='word_1_156' title='bbox 472 2029 502 2066; x_wconf 86' lang='lat' dir='ltr'><strong>se</strong></span> <span class='ocrx_word' id='word_1_157' title='bbox 510 2025 632 2082; x_wconf 84' lang='lat' dir='ltr'><strong>peccasse</strong></span> <span class='ocrx_word' id='word_1_158' title='bbox 640 2006 774 2065; x_wconf 81' lang='lat' dir='ltr'><strong>fatentem.</strong></span> 
     </span>
     <span class='ocr_line' id='line_1_27' title="bbox 108 2084 811 2157; baseline 0 -17"><span class='ocrx_word' id='word_1_159' title='bbox 108 2085 220 2140; x_wconf 89' lang='lat' dir='ltr'><strong>Saucius</strong></span> <span class='ocrx_word' id='word_1_160' title='bbox 229 2085 274 2140; x_wconf 86' lang='lat' dir='ltr'><strong>ille</strong></span> <span class='ocrx_word' id='word_1_161' title='bbox 284 2093 381 2153; x_wconf 70' lang='lat' dir='ltr'><strong>umen,</strong></span> <span class='ocrx_word' id='word_1_162' title='bbox 401 2087 452 2142; x_wconf 86' lang='lat' dir='ltr'><strong>Fer</strong></span> <span class='ocrx_word' id='word_1_163' title='bbox 461 2103 548 2157; x_wconf 88' lang='lat' dir='ltr'><strong>opem,</strong></span> <span class='ocrx_word' id='word_1_164' title='bbox 568 2090 713 2151; x_wconf 85' lang='lat' dir='ltr'><strong>matertera,</strong></span> <span class='ocrx_word' id='word_1_165' title='bbox 733 2084 811 2151; x_wconf 84' lang='lat' dir='ltr'><strong>dixit,</strong></span> 
     </span>
    </p>

    <p class='ocr_par' dir='ltr' id='par_1_11' title="bbox 54 2158 837 2381">
     <span class='ocr_line' id='line_1_28' title="bbox 54 2158 779 2217; baseline 0.004 -5"><span class='ocrx_word' id='word_1_166' title='bbox 54 2169 94 2216; x_wconf 77' lang='grc'><strong>000</strong></span> <span class='ocrx_word' id='word_1_167' title='bbox 108 2159 243 2216; x_wconf 70' lang='lat' dir='ltr'><strong>Autonoe·</strong></span> <span class='ocrx_word' id='word_1_168' title='bbox 264 2168 387 2216; x_wconf 86' lang='lat' dir='ltr'><strong>moveant</strong></span> <span class='ocrx_word' id='word_1_169' title='bbox 397 2161 501 2217; x_wconf 88' lang='lat' dir='ltr'><strong>animos</strong></span> <span class='ocrx_word' id='word_1_170' title='bbox 511 2158 651 2216; x_wconf 78' lang='lat' dir='ltr'><strong>Actaeonis</strong></span> <span class='ocrx_word' id='word_1_171' title='bbox 660 2160 779 2216; x_wconf 87' lang='lat' dir='ltr'><strong>umbrae.</strong></span> 
     </span>
     <span class='ocr_line' id='line_1_29' title="bbox 107 2234 837 2308; baseline -0.003 -17"><span class='ocrx_word' id='word_1_172' title='bbox 107 2234 165 2302; x_wconf 87' lang='lat' dir='ltr'><strong>Illa,</strong></span> <span class='ocrx_word' id='word_1_173' title='bbox 185 2235 248 2307; x_wconf 89' lang='lat' dir='ltr'><strong>quis</strong></span> <span class='ocrx_word' id='word_1_174' title='bbox 261 2235 384 2302; x_wconf 84' lang='lat' dir='ltr'><strong>Actaeon,</strong></span> <span class='ocrx_word' id='word_1_175' title='bbox 406 2237 502 2300; x_wconf 81' lang='lat' dir='ltr'><strong>nescit;</strong></span> <span class='ocrx_word' id='word_1_176' title='bbox 523 2234 697 2307; x_wconf 87' lang='lat' dir='ltr'><strong>dextramque</strong></span> <span class='ocrx_word' id='word_1_177' title='bbox 704 2235 837 2308; x_wconf 88' lang='lat' dir='ltr'><strong>precantis</strong></span> 
     </span>
     <span class='ocr_line' id='line_1_30' title="bbox 107 2308 669 2381; baseline 0.004 -17"><span class='ocrx_word' id='word_1_178' title='bbox 107 2310 231 2365; x_wconf 87' lang='lat' dir='ltr'><strong>abstulit:</strong></span> <span class='ocrx_word' id='word_1_179' title='bbox 251 2310 435 2366; x_wconf 85' lang='lat' dir='ltr'><strong>Inooiacerata</strong></span> <span class='ocrx_word' id='word_1_180' title='bbox 445 2308 669 2381; x_wconf 87' lang='lat' dir='ltr'><strong>estalteraraptu.</strong></span> 
     </span>
    </p>

    <p class='ocr_par' dir='ltr' id='par_1_12' title="bbox 107 2384 787 2533">
     <span class='ocr_line' id='line_1_31' title="bbox 107 2384 779 2457; baseline 0.001 -18"><span class='ocrx_word' id='word_1_181' title='bbox 107 2385 167 2441; x_wconf 94' lang='lat' dir='ltr'><strong>Non</strong></span> <span class='ocrx_word' id='word_1_182' title='bbox 176 2385 255 2440; x_wconf 87' lang='lat' dir='ltr'><strong>hahet</strong></span> <span class='ocrx_word' id='word_1_183' title='bbox 265 2384 370 2450; x_wconf 83' lang='lat' dir='ltr'><strong>infelix,</strong></span> <span class='ocrx_word' id='word_1_184' title='bbox 392 2402 461 2457; x_wconf 87' lang='lat' dir='ltr'><strong>quae</strong></span> <span class='ocrx_word' id='word_1_185' title='bbox 469 2386 546 2440; x_wconf 88' lang='lat' dir='ltr'><strong>matri</strong></span> <span class='ocrx_word' id='word_1_186' title='bbox 559 2385 667 2440; x_wconf 89' lang='lat' dir='ltr'><strong>brachia</strong></span> <span class='ocrx_word' id='word_1_187' title='bbox 677 2387 779 2441; x_wconf 84' lang='lat' dir='ltr'><strong>tendat:</strong></span> 
     </span>
     <span class='ocr_line' id='line_1_32' title="bbox 108 2460 787 2533; baseline 0 -21"><span class='ocrx_word' id='word_1_188' title='bbox 108 2467 201 2514; x_wconf 88' lang='lat' dir='ltr'><strong>trunca</strong></span> <span class='ocrx_word' id='word_1_189' title='bbox 212 2460 258 2516; x_wconf 88' lang='lat' dir='ltr'><strong>sed</strong></span> <span class='ocrx_word' id='word_1_190' title='bbox 267 2461 408 2517; x_wconf 89' lang='lat' dir='ltr'><strong>ostendens</strong></span> <span class='ocrx_word' id='word_1_191' title='bbox 417 2460 523 2515; x_wconf 89' lang='lat' dir='ltr'><strong>deiectis</strong></span> <span class='ocrx_word' id='word_1_192' title='bbox 532 2479 640 2533; x_wconf 86' lang='lat' dir='ltr'><strong>corpora</strong></span> <span class='ocrx_word' id='word_1_193' title='bbox 650 2460 787 2523; x_wconf 89' lang='lat' dir='ltr'><strong>membris,</strong></span> 
     </span>
    </p>

    <p class='ocr_par' dir='ltr' id='par_1_13' title="bbox 54 2532 764 2687">
     <span class='ocr_line' id='line_1_33' title="bbox 54 2532 744 2608; baseline 0.004 -23"><span class='ocrx_word' id='word_1_194' title='bbox 54 2542 94 2586; x_wconf 77' lang='lat'><strong>725</strong></span> <span class='ocrx_word' id='word_1_195' title='bbox 108 2532 232 2606; x_wconf 83' lang='lat' dir='ltr'><strong>Adspice,</strong></span> <span class='ocrx_word' id='word_1_196' title='bbox 251 2543 342 2601; x_wconf 87' lang='lat' dir='ltr'><strong>mater,</strong></span> <span class='ocrx_word' id='word_1_197' title='bbox 362 2536 407 2591; x_wconf 88' lang='lat' dir='ltr'><strong>ait.</strong></span> <span class='ocrx_word' id='word_1_198' title='bbox 438 2536 508 2591; x_wconf 91' lang='lat' dir='ltr'><strong>Visis</strong></span> <span class='ocrx_word' id='word_1_199' title='bbox 517 2536 630 2592; x_wconf 85' lang='lat' dir='ltr'><strong>ululavit</strong></span> <span class='ocrx_word' id='word_1_200' title='bbox 642 2536 744 2608; x_wconf 80' lang='lat' dir='ltr'><strong>Agave3</strong></span> 
     </span>
     <span class='ocr_line' id='line_1_34' title="bbox 104 2608 764 2687; baseline 0.003 -25"><span class='ocrx_word' id='word_1_201' title='bbox 104 2608 229 2681; x_wconf 74' lang='lat' dir='ltr'><strong>celioque</strong></span> <span class='ocrx_word' id='word_1_202' title='bbox 237 2610 353 2679; x_wconf 86' lang='lat' dir='ltr'><strong>iactavit,</strong></span> <span class='ocrx_word' id='word_1_203' title='bbox 375 2613 529 2687; x_wconf 91' lang='lat' dir='ltr'><strong>crinemque</strong></span> <span class='ocrx_word' id='word_1_204' title='bbox 539 2631 585 2687; x_wconf 87' lang='lat' dir='ltr'><strong>per</strong></span> <span class='ocrx_word' id='word_1_205' title='bbox 594 2614 655 2667; x_wconf 74' lang='lat' dir='ltr'><strong>aere</strong></span> <span class='ocrx_word' id='word_1_206' title='bbox 667 2609 764 2666; x_wconf 87' lang='lat' dir='ltr'><strong>movit:</strong></span> 
     </span>
    </p>
   </div>
   <div class='ocr_carea' id='block_1_3' title="bbox 0 0 942 2940">
    <p class='ocr_par' dir='ltr' id='par_1_14' title="bbox 0 0 942 2940">
     <span class='ocr_line' id='line_1_35' title="bbox 0 0 942 2940; baseline 0 0"><span class='ocrx_word' id='word_1_207' title='bbox 0 0 942 2940; x_wconf 95' lang='lat' dir='ltr'><strong> </strong></span> 
     </span>
    </p>
   </div>
  </div>
 </body>
</html>
