1874 2940
236 136 618 183 HETAIIORPIIOSEON
637 138 706 181 LIB.
726 140 795 182 XIII.
841 133 884 183 301

139 235 438 295 Nouemthocnimium
446 253 584 306 nunquam
592 236 642 288 nisi
654 254 750 307 magna
761 237 889 308 loquenti.

139 308 234 381 Quid?
245 309 319 382 quod
328 318 354 364 et
364 311 420 381 ipse
430 309 517 383 fugit?
546 309 616 372 Vidi,
632 309 781 379 puduitque
791 312 888 375 videre,

140 402 230 459 quum
240 392 270 439 tu
280 390 306 439 te
363 384 449 446 dares,
471 384 663 453 inhonestaque
674 382 730 435 vela
741 400 856 452 parares.

140 462 199 516 Nee
207 474 296 523 mora,
306 401 389 523 r{laid
398 456 501 511 facitis?
519 475 588 527 quae
598 474 644 511 vos
655 456 796 517 dementia,
817 457 883 522 dixi,
905 470 936 512 22<

141 530 271 597 eoncitat,
290 532 396 595 osooii,
416 531 661 601 captademittere
671 529 795 584 Troiam?

141 604 247 681 quidve
254 604 364 659 dommn
377 604 449 658 fertis
459 604 570 668 decimo,
594 606 644 657 nisi
656 604 779 669 dedecus,
801 603 891 660 anuo‘?

142 678 257 737 Talibus
266 686 346 749 atque
356 678 430 741 aliis,
452 678 480 731 in
491 697 560 749 quae
570 679 643 733 dolor
655 680 710 751 ipse
722 679 851 735 disertum

69 808 72 817 ,
141 755 252 817 fecerat,
271 768 378 807 aversos
387 751 499 824 profuga
509 753 542 807 do
551 753 637 808 classe
649 755 751 809 reduxi.

142 830 279 887 Convocat
287 826 393 880 Atrides
402 826 488 880 socios
499 836 595 882 terrore
605 839 743 900 paventes:
906 841 937 883 2¹

142 918 195 961 nee
204 899 404 955 Telamoniades
414 900 491 953 etiam
503 920 575 956 nunc
585 903 685 957 hiscere
694 904 843 978 quidquam

143 974 240 1033 audet:
260 982 286 1028 et
296 991 380 1029 ausus
389 983 444 1028 erat
454 992 528 1047 reges
539 976 669 1029 incessere
678 979 756 1031 dictis

72 1108 75 1113 ,
143 1048 290 1113 Thersites,
310 1050 389 1103 etiam
399 1066 446 1119 per
457 1065 499 1101 me
509 1049 579 1101 haud
592 1049 710 1117 impune,
731 1055 871 1119 protervis,

142 1124 251 1199 Erigor,
271 1130 297 1177 et
307 1123 422 1194 trepidos
432 1124 503 1175 cives
512 1122 635 1175 exhortor
646 1122 672 1174 in
685 1122 786 1177 hostes:

144 1199 328 1268 amissamque
337 1214 396 1251 mea
406 1196 531 1251 virtutem
543 1214 605 1249 voce
615 1213 731 1265 reposco.
908 1210 933 1253 23

75 1288 78 1309 ³
144 1273 276 1343 Tempore
285 1272 319 1325 ab
330 1272 389 1334 hoc,
410 1271 589 1342 quodcunque
600 1277 684 1340 potest
694 1268 786 1322 iecisse
796 1269 879 1323 videri

144 1346 247 1403 fortiter
256 1346 314 1409 iste,
335 1363 425 1399 meum
436 1352 488 1407 est,
510 1345 555 1415 qni
567 1344 672 1398 dantem
683 1350 753 1415 terga
765 1343 870 1397 retraxi.

76 1410 81 1433 ‘
144 1420 268 1491 Denique
277 1419 310 1473 do
320 1420 416 1472 Iianais
427 1419 489 1489 quis
504 1428 527 1471 te
538 1418 660 1472 laudatve
670 1416 785 1488 petitve‘l

75 1506 78 1513 '
145 1494 182 1549 At
190 1510 239 1547 aua
250 1492 366 1547 Tvdides
377 1510 481 1546 mecum
492 1494 671 1547 communicat
680 1500 751 1546 aeta:

146 1566 307 1638 meprobat:
328 1574 353 1620 et
362 1567 432 1621 socio
441 1584 545 1637 semper
554 1567 662 1622 conlidit
672 1567 757 1622 Ulixe.
909 1577 921 1619 2

145 1640 195 1697 Est
204 1639 317 1711 aliquid,
338 1639 370 1693 de
381 1642 567 1696 totGraiorum
580 1642 710 1705 millibus,
731 1658 818 1695 unum

147 1713 299 1769 aDiomede
312 1712 374 1786 legi.
404 1717 458 1768 Neo
467 1734 510 1768 me
523 1735 580 1769 sors
595 1718 632 1768 ire
644 1716 763 1769 iubebat:

148 1790 188 1843 aie
197 1795 286 1841 tamen
297 1795 322 1840 et
331 1796 419 1858 spreto
431 1792 568 1859 noctisque
579 1790 715 1858 hostisque
724 1787 832 1859 periclo,

147 1878 246 1917 ausum
255 1861 357 1927 eadem,
379 1881 448 1933 quae
460 1880 522 1925 noe,
543 1863 657 1935 Phrygia
668 1863 700 1917 de
710 1861 895 1936 genteDoloua

76 1978 79 1999 ,
147 1934 286 1992 Interimo:
309 1954 361 1990 non
372 1945 432 1991 anta
443 1946 538 2001 tamen,
560 1955 640 2007 quain
655 1946 749 1993 cuneta
762 1940 834 2013 coegi
911 1950 923 1992 2

147 2009 268 2081 prodere,
289 2011 433 2075 et'edidiei,
454 2012 520 2082 quid
531 2013 628 2082 perlida
640 2013 715 2067 Troia
726 2022 836 2083 pararet.

149 2082 246 2138 Omnia
255 2101 408 2156 cognoram,
425 2103 483 2146 nec,
497 2087 561 2156 qnid
573 2086 733 2156 specularer,
749 2088 892 2141 haheham:

149 2164 176 2211 et
185 2157 238 2211 iam
248 2159 380 2228 promissa
391 2168 507 2229 poteram
518 2177 579 2214 euni
593 2159 668 2213 laude
678 2160 787 2217 reverti:

149 2230 223 2286 haud
232 2240 371 2286 contentus
385 2249 425 2295 eo,
446 2234 508 2303 petii
520 2242 627 2288 tentoria
642 2234 732 2296 Rhesi,

149 2306 233 2377 inque
243 2305 400 2376 suisipsum
410 2308 504 2358 eastris
514 2309 676 2376 comitesque
686 2303 800 2375 peremi:
911 2311 933 2353 2·

150 2388 230 2450 atque
241 2380 275 2433 ita
285 2381 390 2449 captivo
400 2380 483 2432 vietor
493 2381 615 2450 votisque
625 2380 724 2449 potitus

151 2453 286 2525 ingredior
294 2470 376 2506 curru
391 2452 469 2506 laetos
481 2452 600 2507 imitante
614 2450 772 2520 triumphos.

151 2527 236 2582 Cuius
246 2544 330 2597 equos
340 2527 454 2596 pretium
466 2543 513 2595 pro
525 2537 598 2582 noete
608 2528 761 2595 poposcerat
769 2520 862 2585 hostis,

70 2658 73 2663 ,
151 2618 225 2655 arma
235 2608 328 2672 negate
338 2600 420 2654 mihi:
441 2594 810 2671 lueritqueheuigmorhiax.
