1874 2940
112 115 161 170 ³⁴2
299 120 330 168 P.
351 122 478 170 ovum
492 124 660 171 NASONIS

111 220 225 288 latravit,
244 231 336 280 cauata
346 222 430 298 loqui.
459 226 652 291 Locueexstat,
673 232 698 280 et
707 241 778 279 exre

58 307 97 351 555
112 298 304 355 nomenhehet:
314 300 650 371 vaurumqusdiumemor
659 299 703 355 illa
709 299 852 369 malorum,

112 380 169 428 tum
178 390 287 447 queque
295 374 429 432 Sithonios
438 372 552 430 ululavit
562 383 660 430 moesta
670 391 813 449 peragras.

111 447 186 505 Illius
195 450 330 523 Troasque
339 467 403 506 sues
412 450 553 521 hastasque
563 445 696 522 Pelasgas,

112 521 185 579 illius
194 525 311 579 Fortuna
320 522 383 579 dees
392 538 500 596 quoque
511 530 630 577 moverat
638 539 745 578 ornnes:

112 599 261 661 sicomnes,
281 605 312 651 ut
321 605 346 651 et
355 597 413 667 ipsa
422 596 491 651 lovis
501 596 654 665 coniuxque
663 613 790 666 sororque

58 681 97 725 515
112 679 221 727 eventus
231 669 364 723 Hecubam
374 669 503 721 meruisse
512 669 647 739 negaverit
656 665 727 721 illos.

148 744 207 798 Non
227 747 302 795 vacat
319 741 444 805 Aurorae,
464 756 629 811 quamquam
649 739 735 794 lsdem
753 738 852 796 laverat

585 830 677 880 umus,

111 886 231 943 cladibus
239 893 266 942 et
272 903 337 943 casu
347 887 491 962 Troiaeque
499 887 674 963 Hecubaeque
683 890 794 945 moveri.

111 961 180 1019 Cura
190 960 267 1018 deam
276 964 383 1038 propior
393 962 535 1037 luctusque
543 964 704 1021 domesticus
715 966 788 1039 angit

110 1038 258 1096 Memnonis
267 1039 374 1108 amissi,
394 1040 518 1116 Phrygiis
527 1057 608 1114 quem
619 1041 688 1097 lucca
696 1042 797 1114 campis

57 1125 96 1172 58⁰
110 1114 179 1171 vidia
186 1113 302 1171 Achillea
310 1123 463 1189 pereuntem
473 1115 583 1189 cuspide
593 1124 690 1172 mater:

111 1190 193 1262 vidit3
213 1189 379 1259 etillecclor‚
399 1208 455 1265 que
463 1192 593 1247 matutina
602 1192 748 1248 rubescunt

111 1275 237 1341 tempora,
257 1266 398 1338 palluerat:
420 1266 549 1340 latuitque
558 1266 587 1323 in
596 1267 716 1323 nubibus
726 1267 822 1323 aether.
920 1312 926 1323 .

111 1344 146 1399 At
153 1361 207 1399 uon
218 1341 355 1414 impositos
365 1342 498 1414 supremis
508 1341 618 1415 ignibus
627 1349 700 1397 artua

111 1416 240 1473 sustinuit
249 1425 365 1488 spectare
374 1434 484 1488 pareus:
505 1415 738 1482 sederinesolucu

58 1503 97 1546 585
111 1492 181 1547 sicut
189 1498 253 1554 erat,
273 1492 365 1564 magni
375 1490 489 1564 genibus
500 1491 673 1563 procumbere
684 1509 736 1547 uon
747 1498 787 1547 est

111 1564 252 1640 dedignata
261 1566 339 1628 lovis,
362 1565 532 1639 lacrimisque
540 1566 590 1621 has
602 1564 697 1621 addere
709 1583 800 1622 voces:

111 1640 244 1696 Omnibus
255 1639 370 1707 inferior,
391 1658 460 1714 quas
468 1640 583 1696 sustinet
591 1658 688 1697 aureus
697 1641 795 1707 aether,

110 1715 183 1787 (nam
194 1715 261 1771 mihi
271 1724 334 1773 sunt
342 1724 426 1774 tolum
436 1715 572 1772 rarissima
582 1715 680 1788 templa
688 1715 853 1790 percrbem‚)

111 1788 173 1845 diva
182 1798 270 1846 tamen
279 1793 350 1858 veni,
372 1809 425 1848 non
435 1799 465 1848 ut
473 1790 584 1848 delubra
594 1792 704 1865 diesque

57 1872 97 1916 550
111 1861 157 1916 des
166 1864 233 1917 mihi
243 1866 382 1930 sacrificas,
402 1867 581 1937 caliturasque
589 1867 699 1938 ignibus
708 1884 776 1921 aras.

111 1934 139 1989 Si
149 1936 381 2006 tamenadspicias‚
388 1948 519 2007 quantum
529 1939 577 1992 tibi
588 1938 701 1992 foemina
710 1947 850 2010 praestem,

112 2017 169 2064 tum
179 2024 265 2081 quum
275 2007 333 2063 luce
342 2027 410 2064 nova
419 2011 503 2065 noctis
515 2010 629 2066 confinia
640 2028 729 2082 servo;

110 2083 228 2157 praemia
238 2081 415 2153 dandaputes.
425 2082 476 2139 Sed
484 2101 537 2139 nou
547 2101 577 2139 ea
587 2101 659 2140 cura:
672 2090 854 2160 nequahicest

112 2177 184 2217 nunc
197 2156 414 2225 statusrlurorae,
435 2159 543 2214 meritos
557 2166 585 2214 ut
593 2169 684 2234 poscat
695 2163 819 2221 honores.

58 2246 96 2290 555
111 2235 261 2293 Memnonis
270 2233 333 2290 orba
344 2234 397 2290 mei
409 2234 501 2291 venio:
523 2235 571 2308 qui
582 2234 657 2294 fortia
665 2236 763 2295 frustra

110 2329 159 2383 pre
170 2319 264 2384 patruo
273 2307 334 2365 tulit
342 2317 415 2364 arina
426 2327 484 2372 suo.
505 2311 655 2386 primisque
663 2316 716 2370 sub
725 2314 804 2370 annis

110 2387 230 2441 occidite
243 2385 302 2442 forti
312 2384 360 2460 (sic
372 2402 419 2441 vos
429 2383 574 2463 voluistis)
582 2388 695 2446 Achille.

103 2461 154 2526 De,
165 2478 272 2532 precor,
284 2460 348 2517 huic
357 2458 483 2535 aliquem,
498 2461 589 2519 solatia
597 2465 699 2529 mortis,
712 2465 850 2532 honorem,

85 2537 302 2595 summosam
312 2543 408 2608 rector,
429 2545 603 2614 malernaque
611 2538 721 2595 vulnera
731 2539 793 2594 leni.

8 2603 347 2693 aoclupiterannuerat;
371 2637 465 2699 quum
475 2617 631 2680 Memnonis
642 2614 742 2671 arduus
749 2613 803 2667 alu
