1874 2940
169 167 549 214 ninnnuonenosnon
567 171 639 216 Lis.
659 172 714 216 ΧΠ.
766 166 816 220 293

66 267 184 324 Annuit:
207 274 286 338 atque
296 267 385 321 animo
395 267 492 336 pariter
501 269 643 339 patruique
655 286 760 341 suoque

65 341 158 397 Delius
167 341 322 414 indulgens,
344 341 441 395 nebula
450 341 554 396 velatus
565 342 591 395 in
603 359 699 415 agmen

66 415 188 489 pervenit
197 416 322 480 iliacum,
343 415 740 486 mediaqueincacdevirorum

67 508 126 545 rara
136 507 184 560 per
192 490 296 563 ignotus
307 499 475 562 spargentem
488 491 572 544 cernit
581 489 699 544 Achivos
831 503 870 546 666

66 564 118 619 tela
128 564 222 618 Parin:
243 563 386 634 lassusque
395 564 490 629 deum,
511 563 582 630 Quid
593 563 695 635 spicula
706 562 796 634 perdis

68 638 202 711 sangnine
210 636 316 708 plebis‘l
334 638 385 693 ait:
406 638 433 692 si
445 655 499 710 qua
509 639 606 693 esttibi
617 656 680 693 eura
691 645 808 705 tucrum,

67 719 168 766 vertere
179 712 207 766 in
217 711 362 775 Aeaciden,
383 729 527 785 caesusque
537 713 663 768 ulciscere
672 713 776 768 fratres.

67 785 155 841 Dixit:
175 792 201 840 et
210 787 352 842 ostendens
363 796 524 843 sternentem
535 789 627 844 Troica
638 787 706 844 ferro

67 877 177 931 corpora
186 860 304 928 Peliden,
325 879 403 916 arcus
413 863 526 916 obvertit
538 864 566 918 in
577 863 669 933 illum;
832 872 871 916 666

68 942 192 1006 certaque
201 933 300 988 letifera
312 934 410 988 direxit
418 935 521 1005 spicula
532 937 634 994 dextra.

68 1008 145 1074 Quod
156 1009 278 1062 Priamus
287 1009 402 1081 gaudere
414 1026 495 1063 senex
504 1019 565 1080 post
574 1015 682 1068 Hectora
695 1021 793 1083 posset,

67 1083 119 1138 hcc
128 1081 188 1138 luit.
218 1082 265 1136 llle
275 1083 357 1156 igitur
366 1090 498 1137 tentorum
508 1085 606 1150 victor,
627 1085 739 1152 Achille,

67 1158 156 1214 victus
166 1173 195 1211 es
205 1174 220 1210 a
230 1157 324 1211 timido
335 1157 430 1212 Graiae
439 1166 542 1229 raptore
552 1160 674 1212 maritacl

67 1231 102 1288 At
112 1231 135 1286 si
145 1231 260 1285 femineo
269 1231 355 1285 iuerat
365 1232 410 1285 tihi
421 1233 503 1286 Marte
515 1232 679 1299 cadendum,
833 1245 871 1288 616

69 1305 304 1361 Thermodontiaca
315 1306 408 1360 malles
417 1306 544 1362 cecidisse
553 1305 673 1377 bipenni.

68 1383 124 1436 lam
134 1380 213 1436 timor
223 1379 268 1434 ille
279 1381 427 1455 Phrygum,
448 1380 530 1435 decus
539 1389 564 1434 et
574 1380 654 1435 tutela
664 1377 769 1454 Pelasgi

69 1454 202 1520 nominis,
223 1454 359 1521 Aeacides,
379 1463 459 1527 caput
469 1455 649 1526 insuperabile
659 1454 739 1522 bello,

69 1537 182 1597 arserat;
204 1530 395 1585 armaratdeus
405 1530 490 1597 idem,
512 1530 637 1603 idemque
647 1537 785 1586 cremarat.

68 1605 125 1659 Iam
135 1604 203 1659 cinis
214 1611 268 1673 est;
289 1604 356 1659 etde
367 1615 420 1660 tam
431 1623 529 1679 magno
539 1613 619 1660 restat
629 1605 732 1660 Achille
832 1617 871 1660 616

70 1682 159 1735 neseio
178 1677 260 1750 qnid,
293 1696 404 1751 parvam
426 1681 498 1752 quod
523 1699 576 1735 non
600 1680 669 1734 bene
688 1676 818 1750 compleat

605 1770 711 1807 urnam.

70 1827 105 1884 At
115 1828 191 1894 vivit,
213 1833 296 1883 tetum
308 1844 376 1899 quae
386 1825 469 1900 gloria
479 1825 609 1898 compleat
619 1828 721 1882 orbem.

69 1905 139 1958 llaec
149 1903 188 1958 illi
200 1920 326 1959 mensura
336 1903 393 1958 viro
404 1900 557 1974 respondet:
579 1911 604 1957 et
614 1902 679 1958 haec
688 1911 729 1959 est

70 1996 118 2048 par
128 1979 186 2044 tibi,
207 1978 306 2045 Pelide,
327 1995 376 2034 nec
386 1978 474 2032 inania
486 1978 592 2033 Tartara
603 1980 692 2035 sentit.

69 2053 227 2121 Ipseetism,
248 2062 287 2120 ut,
307 2054 385 2109 cuius
398 2053 486 2118 luerit,
506 2071 775 2127 cognoscereposses,
834 2064 873 2106 626

69 2124 139 2178 bella
150 2135 238 2182 movet
247 2127 367 2200 clypeus,
388 2129 474 2199 deque
485 2130 568 2183 armis
581 2147 655 2183 erma
664 2129 795 2183 feruntur.

69 2198 129 2251 Non
139 2215 169 2251 ea
179 2199 304 2271 Tydides,
327 2221 379 2258 ncn
390 2203 469 2257 audet
478 2201 566 2258 Oileos
576 2203 652 2266 Aiax,

71 2289 124 2326 non
136 2270 223 2326 minor
233 2274 352 2340 Atrides,
373 2295 425 2331 non
437 2276 506 2331 bello
516 2279 600 2331 maior
609 2283 635 2329 et
644 2291 709 2330 aevo

70 2362 188 2417 poscere,
209 2346 331 2402 nonulli:
352 2349 401 2403 suli
413 2350 554 2405 Telamone
563 2355 648 2403 create

71 2418 588 2490 La'e'rtaqueiuittentaehducialaudis.
835 2433 873 2475 625

72 2498 94 2551 A
105 2514 134 2550 se
146 2493 295 2549 Tantalides
305 2512 374 2549 onus
386 2496 569 2569 invidiamque
580 2493 706 2549 removit:

72 2569 263 2644 Argolicosque
273 2569 353 2622 duces
365 2571 460 2625 mediis
469 2572 605 2626 considere
614 2569 708 2624 castris

72 2647 165 2703 iussit:
186 2653 211 2702 et
220 2643 360 2701 arbitrium
370 2644 425 2700 litis
435 2646 694 2701 traiecitinumnes,
