1874 2940
125 107 176 163 292
324 113 352 158 Ρ.
373 111 501 160 ovum
518 114 686 162 NASONIS

124 212 219 269 Tendit
231 213 259 267 in
272 212 345 267 hunc
358 213 474 268 nimium
487 222 571 269 certos
584 216 741 287 Tirynthius
751 234 838 283 arcus,

69 300 108 343 555
124 295 203 360 etque
213 288 376 342 internubes
386 289 513 344 sublimia
524 289 642 341 membra
654 289 789 355 terentem,

124 362 337 434 pendentemque
347 361 415 427 ferit,
438 363 510 416 lateri
520 379 574 431 qua
585 362 705 433 iungitur
715 363 765 417 ala.

123 436 177 491 Nec
186 453 267 522 grave
276 437 376 493 vulnus
386 443 454 491 erat:
475 435 521 488 sed
532 435 601 504 rupti
613 435 722 490 vulnere
732 440 805 493 nervi

123 510 264 576 deficiunt,
286 519 442 580 motumque
453 516 549 580 negant
562 510 685 579 viresque
696 511 812 568 volandi.

123 585 224 640 Decidit
233 587 261 639 in
272 593 382 645 terram,
405 599 457 636 non
467 582 678 650 concipientibus
688 603 766 640 auras

69 671 109 713 57⁰
123 659 239 714 infirmis
248 659 359 728 pennis:
381 661 468 724 etqua
482 653 546 706 levis
558 655 675 710 haeserat
685 658 750 722 alae,

123 732 239 802 corporis
250 729 322 783 affixi
333 744 424 798 pressa
433 735 473 780 est
481 727 609 798 gravitate
618 730 726 799 sagitta:

123 820 222 876 perque
232 803 301 856 latus
311 817 449 853 summum
460 800 554 872 iugulo
563 807 602 853 est
612 809 701 854 exacta
710 803 828 858 sinistro.

124 880 195 931 Num
208 875 298 928 videor
308 873 402 927 debere
412 874 450 928 tui
462 878 600 944 praeconia
611 873 691 928 rebus

122 947 252 1015 Herculis,
273 947 415 1002 oRhodiae
424 948 517 1002 ductor
527 949 705 1020 pulcherrime
714 949 826 1003 classis?

45 1028 47 1033 '
69 1036 108 1078 575
122 1025 176 1078 Nec
187 1030 273 1076 tamen
285 1022 407 1088 ulterius,
428 1041 510 1094 quam
523 1023 596 1078 tortia
609 1023 674 1078 iacta
686 1024 798 1090 silendo,

122 1097 235 1154 ulciscar
245 1096 352 1152 fratres:
373 1097 455 1153 solida
467 1108 506 1152 est
516 1100 582 1152 mihi
593 1100 676 1172 gratia
686 1107 783 1154 tecum.

158 1173 227 1227 Haec
236 1180 378 1245 postquam
388 1171 460 1227 dulci
470 1172 579 1229 Neleius
589 1174 671 1228 edidit
679 1191 736 1242 oro;

122 1265 137 1303 a
148 1264 269 1303 sermone
279 1247 361 1313 senis,
382 1249 491 1319 repetito
503 1267 613 1304 munere
622 1249 726 1314 Bacchi,

122 1340 260 1378 surrexere
271 1323 348 1377 toris:
370 1340 424 1377 nox
434 1331 473 1376 est
482 1323 541 1376 date
552 1333 650 1377 caetera
661 1341 764 1378 somno.

68 1408 107 1451 585
158 1395 193 1451 At
201 1397 268 1450 deus
278 1414 422 1467 aequoreas
432 1397 478 1467 qui
492 1398 602 1468 cuspide
612 1397 843 1468 temperatundes,

122 1471 150 1525 in
160 1469 295 1525 volucrem
306 1487 403 1540 corpus
414 1474 466 1525 nati
478 1472 644 1526 Stheneleida
654 1489 762 1526 versum

122 1542 394 1614 mentedoletpatria:
416 1563 580 1615 saevumque
590 1563 700 1616 perosus
709 1545 840 1600 Achillem

122 1624 223 1672 exercet
233 1634 363 1673 memores
374 1617 526 1688 plusquam
538 1619 650 1672 civiliter
661 1619 723 1673 iras.

121 1693 231 1764 Iamque
242 1691 295 1746 iere
305 1699 386 1746 tracto
396 1691 451 1746 duo
461 1711 507 1763 per
516 1693 701 1764 quinquennia
711 1692 791 1758 bello,

67 1776 106 1819 555
121 1764 220 1820 talibus
233 1767 370 1822 intonsum
381 1767 520 1838 compellat
530 1768 667 1822 Sminthea
676 1768 767 1821 dictis:

121 1836 144 1890 0
154 1840 220 1891 mihi
231 1840 263 1893 de
273 1839 361 1894 iratris
374 1841 450 1913 longe
459 1843 609 1914 gratissime
620 1843 698 1903 natis,

121 1911 194 1964 irrita
205 1913 252 1981 qui
263 1931 368 1966 mecum
379 1916 490 1982 posuisti
503 1917 605 1967 moenia
616 1913 716 1975 Troiae,

122 1984 227 2055 eoquid‚
248 1985 296 2037 ubi
307 1984 356 2037 has
368 1987 420 2037 iam
433 1987 484 2038 iem
495 2003 603 2038 casuras
613 1983 728 2051 adspicis
738 1997 819 2044 arces,

122 2055 257 2130 ingemis‘?
276 2065 321 2110 aut
331 2058 426 2127 ecquid
439 2066 475 2110 tot
485 2056 650 2110 defendentia
660 2071 752 2109 muros

68 2145 107 2190 555
121 2130 205 2187 millia
217 2148 291 2186 caesa
302 2129 394 2185 doles?
412 2131 518 2201 ecquid,
541 2148 573 2183 ne
583 2145 727 2200 persequar
735 2145 837 2191 omnes,

122 2207 239 2262 Hectoris
249 2206 344 2261 umbra
356 2205 429 2258 subit
439 2206 538 2259 circum
549 2222 597 2258 sua
609 2205 733 2277 Pergama
744 2205 828 2267 tracti,

122 2300 207 2354 quum
219 2290 307 2336 tamen
317 2279 362 2335 itte
372 2278 454 2343 ferox,
477 2278 598 2349 belloque
608 2279 740 2333 cruentior
749 2280 815 2349 ipso,

123 2356 190 2411 vivit
199 2356 300 2422 adhuc,
321 2355 408 2426 operis
420 2355 500 2409 nostri
511 2353 658 2425 popuiator‚
679 2351 814 2408 Achilles?

122 2430 169 2483 Dct
179 2431 245 2484 mihi
256 2447 299 2484 se:
321 2429 390 2494 faxo,
412 2429 508 2500 tripiici
520 2429 586 2500 quid
598 2427 708 2499 cuspide
718 2427 827 2499 possim,

68 2515 107 2558 595
123 2503 228 2557 sentiat.
258 2504 427 2576 thuoniam
438 2521 593 2559 concurrere
603 2504 725 2558 cominus
735 2502 803 2557 hosti

106 2593 167 2630 non
177 2575 276 2648 datum
296 2579 401 2637 occulta
412 2580 573 2654 necopinum
583 2577 662 2651 perde
675 2577 779 2650 sagitta.
