1874 2940
145 110 194 162 ΗΒ
328 115 360 160 1².
381 113 509 160 ovum
527 112 692 160 NASONIS

144 223 169 270 te
181 215 236 270 iaee
247 213 359 270 sollenni
369 215 462 290 iunget
470 213 536 270 sibi:
557 229 656 286 perque
665 210 797 286 Pelasgas

90 302 116 346 ta
144 290 274 345 servatrix
283 290 364 346 urbes
374 298 490 345 matrum
500 286 664 344 eelebrabere
672 287 759 344 turba.

143 365 446 440 Engoegogermanam,
458 361 800 436 fratremquepatremqne,
824 374 935 431 deos,

622 454 684 509 (11¹0,

145 523 171 570 et
180 513 267 570 natale
276 512 374 578 solum,
394 509 482 566 ventis
491 509 587 576 ablata,
608 511 776 584 relinquam?

145 590 246 662 Nempe
255 594 330 662 pater
337 602 444 652 saevus,
455 601 551 657 nempe
560 592 600 639 est
609 603 668 640 mea
677 586 789 643 barbara
798 589 895 661 tellus,

146 659 432 719 frateradhuoinians:
453 667 710 716 stantmeeumvota
719 664 830 719 sororis.

92 751 117 793 55
146 733 355 793 Maximusintra
363 751 407 820 me
415 733 536 790 deusest.
549 735 609 791 Non
619 752 715 821 magna
725 735 893 813 relinquam

147 806 849 958 diffidiiiiiii⁰d⁰ss³p2iissss¹⁸qssi¹ffi⁰’

146 955 893 1034 hicquoqueiamavigeteultasqneartesquevirorum:

146 1050 281 1108 quemque
289 1048 339 1110 ego
347 1050 410 1091 nam
420 1035 510 1102 rebus,
523 1052 591 1109 ques
600 1042 671 1092 totus
680 1036 797 1109 possidet
805 1040 893 1109 orbis,

93 1123 118 1165 ao
146 1109 296 1168 Aesoniden
304 1117 424 1168 mutasse
434 1110 531 1168 velim:
552 1127 606 1184 quo
615 1111 728 1187 enniuge
736 1111 810 1178 felix,

147 1196 172 1242 et
181 1187 224 1243 dis
233 1203 293 1243 cam
303 1185 385 1256 ferar,
405 1194 431 1243 et
440 1188 536 1244 vertiee
545 1185 631 1243 sidem
640 1193 757 1262 tangam.

147 1264 227 1331 Quid,
247 1264 321 1337 qnod
331 1264 419 1322 neseio
430 1264 478 1338 qui
487 1262 583 1319 mediis
594 1279 749 1318 concurrere
758 1263 786 1318 in
796 1263 882 1319 undis

147 1340 273 1396 dicuntur
282 1349 400 1406 montes,
422 1338 694 1410 ratibusqueinimiea
703 1335 854 1410 Charybdis

148 1412 646 1482 nuncsonbereiretum‚nuneredders;
660 1413 894 1484 cinctaquesaevis

94 1500 119 1542 aa
148 1488 237 1561 Scylla
247 1504 329 1558 rapax
338 1487 451 1542 canibus
460 1485 549 1541 Siculo
559 1486 653 1545 latrare
661 1483 812 1560 profundo?

148 1562 249 1632 Nempe
266 1569 370 1626 tenens,
388 1559 463 1631 quod
481 1577 549 1626 amo,
569 1563 723 1691 gretpioque
740 1561 769 1613 in
788 1559 892 1612 Iasonis

643 1648 734 1690 aenens

148 1706 357 1782 perhetalnngn
370 1708 469 1763 trahar.
500 1710 587 1778 Nihil,
607 1709 702 1838 dissipo
699 1703 835 1777 amplexa,
857 1707 894 1762 ti-

624 1799 668 1840 me
709 1800 715 1837 :

148 1865 207 1922 aut,
228 1857 251 1912 si
261 1857 328 1930 quid
336 1865 468 1925 metuam,
488 1868 606 1915 metuam
616 1859 650 1915 de
660 1857 774 1931 coniuge
781 1854 848 1912 solo.

148 1931 346 2006 Coniugiumne
355 1942 443 2006 putas,
463 1935 634 2007 speciosaque
642 1933 751 1991 nomina
759 1930 854 2004 eulpae

94 2019 120 2062 w
147 2007 278 2078 imponis,
299 2007 403 2074 Medea,
423 2009 501 2064 tuae?
527 2009 600 2075 Quin
608 2009 728 2081 adspice,
748 2013 882 2082 quantum

148 2081 301 2156 aggrediens
309 2083 398 2139 nefas:
418 2093 456 2150 et,
477 2084 543 2139 dum
554 2083 627 2150 licet,
646 2083 734 2158 effuge
742 2083 853 2139 crimen.

148 2157 234 2222 Dixit,
254 2167 281 2213 et
290 2165 350 2214 ante
358 2158 447 2216 oeulos
460 2167 571 2223 neotum,
591 2159 740 2232 pietasque,
753 2158 894 2231 pudorque

148 2233 331 2289 constiterant:
352 2243 378 2289 et
387 2235 454 2291 victa
464 2234 543 2290 dabat
555 2234 609 2288 iam
619 2241 691 2308 terga
702 2233 817 2306 Cupido.

186 2309 245 2364 Ibat
253 2308 287 2364 ad
296 2309 420 2382 antiques
430 2313 537 2366 Hecates
546 2308 684 2365 Pemeidos
692 2327 767 2364 aras:

94 2394 121 2438 ta
149 2401 217 2456 quas
226 2400 330 2459 nemus
337 2385 505 2450 umbrosum,
519 2391 673 2456 secretaque
680 2383 752 2440 silva
760 2385 877 2457 tegebat:

150 2467 176 2511 et
185 2460 239 2514 iam
248 2459 347 2515 fractus
356 2459 570 2533 eraipulsusque
579 2457 804 2525 resideraterdor3

150 2550 237 2605 quum
246 2533 892 2607 videtAesonidemextinctaquessemmarevixit:

142 2609 404 2687 ettahnemgenae;
425 2620 533 2694 totoque
542 2609 683 2672 recanduit
690 2624 746 2668 ate·
