1874 2940
121 135 172 192 268
307 138 335 183 P.
357 136 483 184 ovmn
501 135 670 185 NASONIS

122 258 177 314 quo
186 255 325 311 nunquam
335 239 416 294 radiis
425 241 513 295 oriens
523 237 661 294 mediusve
670 237 812 300 cadensve

69 329 108 374 aas
121 314 244 372 Phoebus
254 314 326 370 adire
334 321 429 387 potest.
458 313 575 368 Nebulae
585 312 699 387 caligine
708 316 817 374 mixtae

122 389 280 447 exhalantur
289 391 385 455 humo,
404 388 555 460 dubiaeque
564 387 721 459 crepuscula
732 388 817 449 lucis.

122 468 182 523 Non
190 465 258 540 vigil
268 465 322 521 ales
332 463 370 520 ibi
381 462 480 518 cristati
489 463 612 517 cantibus
620 462 674 518 cris

123 551 214 599 evocat
221 541 365 598 Auroram:
386 555 435 593 nec
443 553 507 593 voce
517 536 622 592 silentia
630 549 766 609 rumpunt

124 616 263 674 sollicitive
271 630 364 678 canes,
384 613 529 667 canibusve
538 613 657 686 sagacior
666 629 756 668 anser.

70 688 255 753 rutilantem,
276 684 462 758 nonpecudea.
484 703 538 741 non
548 687 613 743 moti
624 685 732 742 flamine
742 696 827 762 rami,

123 767 290 821 humanaeve
298 778 396 815 sonum
405 759 520 815 reddunt
528 762 647 818 convicia
661 761 781 835 linguae.

124 841 197 894 Muta
206 836 282 908 quies
291 834 401 889 habitat.
430 833 499 892 Saxo
509 843 598 891 tamen
608 838 663 892 exit
674 837 707 891 ab
720 837 777 895 imo

124 909 398 982 rivusaquaeLetbes:
408 927 456 982 per
465 928 546 983 quem
556 929 618 967 cum
628 928 768 968 murmure
778 914 876 976 labens

124 987 219 1042 invitat
227 1001 335 1042 somnos
345 986 535 1059 crepitantibus
543 986 616 1042 unda
627 985 736 1060 lapillis.

71 1074 110 1118 aas
124 1061 192 1118 Ante
200 1059 269 1117 iores
279 1061 347 1117 antri
357 1060 468 1118 fecunda
477 1080 607 1136 papavera
617 1061 718 1128 florent,

124 1139 334 1211 innumeraeque
343 1137 453 1195 herbae:
473 1156 589 1212 quarum
600 1137 633 1194 de
644 1138 709 1192 lacte
718 1153 845 1209 soporem

125 1212 260 1289 noxleglt‚
281 1222 307 1269 et
316 1215 417 1290 spargit
426 1232 473 1287 per
480 1232 575 1287 opacas
585 1212 696 1269 humida
706 1219 799 1270 terras.

124 1292 216 1356 lanua,
238 1306 357 1346 neverso
365 1291 503 1347 stridorem
513 1290 619 1346 cardine
628 1287 727 1353 reddat,

126 1365 200 1422 nulla
210 1365 288 1422 domo
298 1373 363 1434 tcta3
384 1373 473 1421 custos
485 1367 513 1421 in
525 1364 617 1421 limine
627 1362 726 1420 nullus

73 1453 112 1496 att
125 1440 161 1497 at
169 1440 257 1494 medio
266 1447 390 1494 torus-est
398 1441 481 1496 ebeno
490 1440 615 1495 sublimis
625 1439 654 1494 in
664 1445 748 1503 antro,

126 1512 263 1586 plamone,
283 1513 413 1580 unicolor,
433 1514 755 1586 pullevelaminetectus:

127 1604 182 1660 quc
190 1586 270 1641 cubat
278 1586 336 1658 ipse
344 1586 421 1653 deus,
442 1589 570 1643 membris
581 1588 707 1661 languore
717 1587 822 1645 solutis.

126 1664 205 1719 Hunc
213 1661 283 1716 circa
291 1660 403 1734 passim,
423 1662 511 1717 varias
520 1663 651 1716 imitantia
660 1661 767 1727 formas,

128 1737 232 1794 somnia
241 1754 310 1794 rana
322 1736 408 1794 iacent
416 1737 534 1804 totidem,
555 1744 620 1810 quot
628 1737 723 1791 messis
734 1738 838 1804 aristas,
896 1798 899 1803 ,

74 1820 113 1868 eat
127 1811 196 1867 silva
205 1812 274 1897 gerit
285 1810 400 1879 frondes,
420 1813 515 1868 eiectas
525 1812 599 1867 littus
608 1827 709 1865 arenas.

127 1885 186 1952 Quo
196 1884 278 1939 simul
287 1885 409 1951 intravit,
429 1887 608 1956 manibusque
616 1883 747 1939 obstantia
757 1881 834 1952 virgo

128 1957 367 2026 somniadimovit;
388 1958 582 2031 vestisiulgore
591 1954 689 2009 reluxit

128 2030 323 2089 sacredomua:
343 2031 471 2104 tardaque
479 2031 545 2086 deus
553 2028 681 2105 gravitate
690 2026 803 2082 iacentes

127 2109 176 2166 vix
184 2104 274 2164 ocules
283 2104 391 2172 tollens,
412 2107 563 2177 iterumque
576 2104 727 2176 iterumque
738 2102 870 2178 relabens,

75 2195 114 2242 tlt
128 2199 288 2257 summaque
297 2181 447 2254 percutiens
459 2181 563 2236 nutanti
573 2187 677 2253 pectora
687 2188 785 2248 mente,

129 2260 246 2319 excussit
255 2257 360 2315 tandem
370 2257 475 2313 sibiae:
497 2256 640 2330 cubitoque
649 2255 761 2324 levatus,

129 2335 303 2409 quidveniat,
317 2330 681 2408 (cognovitenimpscitctur.
710 2333 813 2391 Atilla:

129 2411 236 2478 Somne,
251 2410 328 2484 quies
338 2425 437 2474 rerum,
452 2406 633 2480 placidissime
642 2409 740 2467 Somne
749 2410 869 2472 deorum,

128 2487 284 2558 paxanimi‚
304 2481 545 2558 quemcuraiugit‚
565 2486 613 2559 qui
623 2503 731 2560 corpora
740 2485 815 2540 duris

76 2570 115 2615 525
129 2559 199 2615 fessa
208 2561 363 2616 ministeriis
372 2559 485 2625 mulces,¹
504 2578 664 2635 reparasque
673 2560 769 2625 laberi3

128 2633 243 2702 somnia,
263 2653 332 2710 quae
340 2653 417 2693 veras
427 2644 541 2711 aequant
550 2637 699 2693 imitamine
707 2634 816 2697 termas,

172 2878 276 2900 A..
