1874 2940
168 127 544 177 METAMORPHOSEON
563 131 634 179 LIB,
656 130 689 176 V.
749 125 798 178 415

53 245 139 303 paene
149 228 232 284 simul
241 229 300 284 visa
313 236 362 296 est,
386 228 533 302 dilectaque
545 237 672 302 raptaque
680 231 745 285 Diti:
815 243 853 286 305

54 321 144 378 usque
153 303 219 360 adeo
227 312 267 360 est
275 311 431 377 properatus
441 321 524 360 amor.
544 304 694 361 Deaterrita
704 314 803 363 moesto

54 388 81 437 et
90 386 202 435 matrem
212 386 238 435 et
246 379 365 446 comites,
385 378 434 435 sed
443 385 555 435 matrem
567 379 685 451 saepius,
705 398 750 437 ore

54 455 167 511 clamat:
188 460 223 520 et,
242 462 273 510 ut
282 471 391 511 summa
402 461 503 511 vestem
513 453 625 510 laniarat
634 455 668 510 ab
677 472 732 521 ora,

53 526 242 587 collectiflores
252 530 351 585 tunicis
360 528 476 585 oecidere
485 529 615 585 remissis.

55 607 195 677 Tantaque
204 604 514 677 simplicitaspuerilibus
523 603 609 660 adfuit
617 605 710 660 annis:
816 614 854 660 000

55 682 124 737 haec
133 696 241 752 quoque
249 679 402 754 virgineum
411 680 496 736 movit
504 679 604 735 iactura
614 678 741 735 dolorem.

55 757 157 827 Raptor
166 755 221 830 agit
228 772 338 824 currus3
359 762 386 810 et
394 754 504 811 nomine
512 771 649 828 quemque
657 754 777 812 vocando

56 831 210 887 exhortatur
219 847 317 904 equos:
337 847 452 903 quorum
461 847 508 903 per
518 829 584 888 oolla
593 830 725 905 iubasque

57 905 158 962 excutit
167 905 279 962 obscura
288 905 383 960 tinctas
392 904 527 981 ferrugine
537 905 668 962 habenas:

56 997 159 1054 perque
167 978 241 1036 lacus
250 979 316 1036 altos
326 987 351 1036 et
359 979 456 1037 olentia
465 979 568 1037 sulfure
577 980 659 1037 fertur
816 989 854 1034 005

56 1063 151 1129 stagna
160 1053 319 1122 Palioorum,
340 1063 417 1128 rupta
426 1054 554 1113 ferventia
562 1062 644 1110 terra:

56 1137 146 1202 etqua
155 1129 324 1196 Baoehiadae,
344 1130 441 1185 bimari
449 1147 515 1205 gens
525 1137 581 1186 orta
591 1129 726 1195 Corintho,

56 1207 127 1260 inter
136 1204 289 1278 inaequales
299 1211 446 1276 posuerunt
455 1203 559 1259 moenia
567 1210 670 1273 portus.

94 1279 144 1334 Est
152 1279 272 1336 medium
281 1278 396 1353 Cyanes,
415 1285 441 1333 et
450 1278 556 1332 Pisaeae
565 1277 720 1343 Arethusae,

57 1353 132 1428 quod
143 1355 195 1410 ooit
204 1355 326 1429 angustis
336 1352 471 1409 inclusum
481 1351 617 1418 cornibus,
636 1369 744 1424 aequor.
817 1361 855 1408 tto

59 1431 110 1486 Hic
118 1428 179 1495 fuit,
190 1446 205 1484 a
215 1431 293 1485 cuius
298 1435 423 1502 stagnum
429 1427 754 1501 quoquenominedictum
759 1435 808 1494 est,

58 1505 131 1561 inter
137 1503 263 1560 Sicelidas
272 1504 362 1579 Cyane
371 1502 540 1559 celeberrima
553 1502 707 1578 Nymphas;

58 1579 165 1656 gurgite
175 1596 244 1651 quae
254 1579 340 1636 medio
349 1596 456 1634 summa
465 1585 543 1634 tenus
553 1578 638 1634 extitit
648 1578 717 1645 alvo,

59 1655 221 1730 agnovitque
230 1653 326 1710 deum:
346 1654 516 1729 Neolongius
525 1654 613 1720 ibitis,
633 1654 732 1727 inquit.

59 1733 120 1786 Non
129 1737 201 1802 potes
211 1729 310 1787 invitae
320 1729 421 1786 Cereris
432 1746 515 1805 gener
522 1746 594 1784 esse:
615 1728 742 1802 roganda,
817 1737 855 1784 005

60 1822 116 1861 non
124 1805 249 1877 rapienda
259 1804 319 1860 fuit.
349 1803 450 1872 Quodsi
460 1820 618 1875 componere
626 1805 733 1878 magnis

58 1897 143 1954 parva
152 1880 220 1935 mihi
229 1879 270 1936 fas
280 1887 328 1947 est,
349 1887 375 1936 et
384 1897 427 1935 me
436 1877 530 1935 dilexit
538 1877 654 1950 Anapis:

59 1961 165 2012 exorata
174 1963 271 2022 tamen,
293 1972 349 2021 neo,
373 1954 487 2021 uthaec,
505 1954 627 2009 exterrita
636 1955 726 2026 nupsi.

60 2030 147 2086 Dixit:
167 2038 201 2096 ot,
226 2031 255 2086 in
264 2038 351 2102 partes
361 2029 479 2086 diversas
488 2028 597 2085 brachia
607 2028 726 2095 tendens,

59 2105 171 2162 obstitit.
200 2105 278 2160 Haud
288 2105 357 2162 ultra
367 2104 453 2161 tenuit
462 2103 603 2160 Saturnius
613 2104 694 2158 iram:
819 2108 857 2154 tto

61 2180 244 2252 terribilesque
252 2180 372 2236 hortatus
381 2196 474 2252 equos,
494 2179 522 2234 in
533 2178 646 2252 gurgitis
657 2178 711 2232 ima

59 2262 209 2312 contortum
218 2253 307 2312 valido
315 2262 450 2327 sceptrum
458 2252 546 2327 regale
555 2252 649 2308 laoerto

60 2329 188 2387 eondidit.
218 2331 271 2385 Icta
279 2330 352 2386 viam
361 2328 441 2384 tellus
451 2328 480 2382 in
490 2329 597 2382 Tartara
606 2325 679 2387 fecit,

59 2413 86 2460 et
94 2422 193 2478 pronos
202 2403 393 2460 currusmedio
402 2411 500 2459 cratere
508 2401 615 2473 recepit.

61 2480 95 2535 At
105 2480 205 2555 Cyane,
227 2486 383 2551 raptamque
391 2477 468 2533 deam
477 2482 662 2545 oontemtaque
672 2471 752 2528 fontis
819 2482 857 2528 425

62 2553 121 2608 iura
130 2555 174 2610 sui
183 2570 314 2618 moerenS,
334 2550 524 2608 inconsolabile
533 2548 635 2605 vulnus

62 2634 151 2684 mente
155 2629 226 2703 gerit
238 2627 327 2699 tacita3
347 2626 527 2705 lacrimisque
536 2619 824 2761 0000000οᾅξοοω
