1874 2940
121 131 170 183 418
305 136 333 181 P.
354 133 480 183 ovmn
497 133 665 182 NASONIS

119 239 174 291 Neo
183 254 245 293 sum
253 253 302 309 pro
312 236 397 309 patria
407 234 535 309 supplex:
556 234 610 290 huc
619 233 724 306 hospita
732 235 804 289 veni.

120 312 181 366 Pisa
190 312 258 367 mihi
267 311 352 385 patria
360 319 409 378 est,
431 311 499 367 etab
510 308 588 365 Elide
596 308 721 364 ducimus
730 316 818 366 ortus.

67 394 105 442 495
120 385 253 442 Sicaniam
261 385 480 462 peregriuaoo103
501 385 547 440 sed
557 384 655 460 gratior
664 383 739 439 omni

121 461 187 517 haec
195 462 263 517 mihi
272 469 343 517 terra
352 461 465 518 soloest:
477 461 526 516 hos
532 458 740 515 nuncArethusa
745 467 855 531 penates

121 535 190 592 hanc
198 535 283 594 habeo
291 537 394 592 sedem:
414 553 497 608 quam
507 541 546 600 tu,
567 533 718 600 mitissima,
739 551 828 592 serva.

121 612 191 667 Mota
202 610 257 668 ἰοω
266 629 315 667 cur
327 612 390 676 sim,
410 611 530 682 tantique
539 627 586 682 per
596 609 718 680 aequoris
727 609 817 666 undas

122 685 239 742 advehar
248 685 397 760 Ortygiam,
417 685 507 739 veniet
516 684 666 739 narratibus
675 682 742 739 hora

69 772 108 816 550
123 761 279 832 tempestiva
288 760 365 824 meis,
386 776 473 830 quum
482 766 511 813 tu
523 775 640 831 curaque
649 757 744 824 levata,

123 842 149 890 et
157 833 250 889 vultus
260 832 377 889 melioris
387 834 450 888 eris,
483 833 550 889 Mihi
561 833 653 905 pervia
663 832 742 889 tellus

123 908 231 981 praebet
239 908 303 963 iter:
325 908 469 981 subterque
481 907 549 963 imas
562 907 648 963 ablata
658 925 784 964 cavernas

124 983 169 1038 hic
179 989 260 1055 caput
268 982 366 1051 attollo,
387 983 548 1056 desuetaque
557 983 643 1040 sidera
653 1000 741 1038 cerno.

123 1059 204 1133 Ergo,
225 1058 291 1114 dum
301 1058 452 1135 Stygiosuh
462 1058 538 1114 terris
546 1059 652 1133 gurgite
661 1057 744 1123 labor,

71 1145 110 1189 555
124 1135 184 1190 visa
193 1141 239 1191 tua
248 1143 288 1192 est
296 1134 381 1193 oculis
392 1134 448 1190 illic
456 1134 613 1206 Proserpina
623 1132 735 1188 nostris:

125 1209 172 1266 illa
184 1211 293 1284 quidem
303 1212 396 1279 tristis,
418 1228 505 1283 neque
514 1209 601 1265 adhuc
610 1207 728 1262 interrita
737 1208 830 1279 vultu3

125 1286 273 1362 sedregina
283 1295 381 1354 tamen,
401 1287 448 1343 sod
457 1286 532 1359 opaci
542 1282 660 1340 maxima
669 1282 775 1350 mundi,

125 1362 172 1418 sed
184 1370 274 1418 tamen
283 1363 380 1418 inferni
390 1362 491 1436 pollens
501 1367 621 1416 matrona
629 1357 748 1432 tyranni.

125 1437 208 1493 Mater
218 1436 252 1491 ud
261 1437 365 1492 auditas
374 1438 485 1508 stupuit,
506 1452 555 1490 oeu
565 1450 653 1498 saxea,
672 1449 764 1488 voces:

73 1520 112 1563 510
127 1510 305 1581 attonitaeque
314 1511 361 1565 diu
371 1510 467 1564 similis
476 1508 536 1564 fuit.
566 1505 751 1581 thuedolore

126 1581 206 1655 pulsa
214 1583 291 1656 gravi
300 1583 390 1656 gravis
400 1591 440 1638 est
452 1583 581 1649 amentia,
602 1582 727 1638 curribus
737 1599 816 1638 auras

128 1657 183 1713 exit
192 1656 222 1711 in
232 1657 374 1712 aethereas.
403 1656 444 1711 lbi
454 1664 506 1713 totu
516 1657 610 1713 nubila
620 1656 699 1714 vultu

128 1733 287 1788 antelovem
302 1731 390 1804 passis
407 1732 477 1787 stetit
486 1731 617 1789 invidiosa
626 1729 746 1804 cupillis:

127 1806 232 1878 Proque
240 1823 299 1863 meo
307 1807 370 1862 veni
377 1805 491 1880 supplex
500 1807 558 1872 tihi,
579 1807 687 1878 Iupiter,
707 1805 805 1878 inquit,

75 1891 114 1936 515
128 1880 270 1955 sanguine,
289 1898 392 1954 proque
400 1890 456 1938 tuo.
496 1881 523 1938 Si
534 1880 608 1936 nulla
617 1889 656 1937 est
664 1881 748 1956 gratia
763 1880 856 1933 matris

129 1962 190 2011 nata
199 1963 301 2028 patrem
312 1965 429 2013 moveat:
450 1973 503 2012 neu
513 1957 548 2011 sit
557 1957 606 2012 tihi
616 1974 689 2024 cura,
709 1968 856 2031 precamur.

129 2030 209 2087 vilior
217 2030 302 2097 illius,
323 2032 396 2105 quod
408 2039 497 2087 nostro
506 2039 546 2087 est
554 2031 623 2087 edita
632 2041 721 2104 partu.

128 2107 172 2162 En
180 2106 301 2179 quaesita
310 2106 358 2163 diu
368 2105 475 2163 tandem
485 2107 553 2161 mihi
563 2113 624 2162 natu
634 2115 736 2179 reperta
749 2111 802 2162 est:

130 2183 154 2236 si
164 2180 375 2254 reperiremus,
397 2181 516 2236 amittere
524 2181 634 2251 oeuius3
656 2189 703 2239 aut
711 2183 735 2236 si

77 2269 115 2312 52⁰
129 2256 206 2323 scire,
217 2256 265 2312 ubi
275 2256 319 2323 sit,
329 2257 443 2329 reperire
452 2273 540 2313 vocas.
561 2256 639 2324 Quod
647 2264 731 2330 rapta,
743 2252 856 2311 feremus

131 2331 276 2388 dummodo
286 2331 378 2388 reddat
386 2349 459 2388 eam:
471 2349 558 2405 neque
567 2330 856 2405 enimpruedonemarit

131 2406 187 2478 filia
199 2407 281 2482 digna
292 2415 338 2463 tua
350 2414 403 2476 est3
425 2407 448 2462 si
462 2408 517 2462 iam
526 2425 585 2462 mea
595 2405 650 2462 filia
658 2406 740 2480 digna
750 2411 799 2458 est.

131 2482 231 2553 Iupiter
240 2483 355 2556 exoepit:
376 2482 526 2539 Commune
535 2491 575 2537 ost
583 2482 683 2556 pignus
692 2491 815 2548 onusque

132 2564 193 2612 natu
204 2557 271 2612 mihi
283 2566 387 2614 tecum:
409 2558 465 2624 sed,
489 2558 513 2612 si
522 2557 601 2613 modo
613 2555 721 2612 nomina
730 2551 811 2607 rebus

74 2642 116 2685 525
129 2631 227 2687 addere
238 2650 299 2688 vera
307 2633 408 2708 placet,
429 2651 484 2691 non
493 2632 544 2689 hoc
552 2631 653 2688 iniuria
661 2629 772 2692 factum,
