<?xml version="1.0" encoding="UTF-8"?>
<!DOCTYPE html PUBLIC "-//W3C//DTD XHTML 1.0 Transitional//EN"
    "http://www.w3.org/TR/xhtml1/DTD/xhtml1-transitional.dtd">
<html xmlns="http://www.w3.org/1999/xhtml" xml:lang="en" lang="en">
 <head>
  <title>
</title>
<meta http-equiv="Content-Type" content="text/html;charset=utf-8" />
  <meta name='ocr-system' content='tesseract 3.04.00' />
  <meta name='ocr-capabilities' content='ocr_page ocr_carea ocr_par ocr_line ocrx_word'/>
</head>
<body>
  <div class='ocr_page' id='page_1' title='image "./povidiinasoniso01ovidgoog_0039.png"; bbox 0 0 1874 2940; ppageno 0'>
   <div class='ocr_carea' id='block_1_1' title="bbox 152 132 694 186">
    <p class='ocr_par' dir='ltr' id='par_1_1' title="bbox 152 132 694 186">
     <span class='ocr_line' id='line_1_1' title="bbox 152 132 694 186; baseline -0.015 -1"><span class='ocrx_word' id='word_1_1' title='bbox 152 133 185 186; x_wconf 73' lang='lat'><strong>26</strong></span> <span class='ocrx_word' id='word_1_2' title='bbox 331 133 362 180; x_wconf 79' lang='lat'><strong>1’.</strong></span> <span class='ocrx_word' id='word_1_3' title='bbox 384 132 510 180; x_wconf 80' lang='lat' dir='ltr'><strong>ovum</strong></span> <span class='ocrx_word' id='word_1_4' title='bbox 527 134 694 180; x_wconf 71' lang='lat' dir='ltr'><strong>Nasonis</strong></span> 
     </span>
    </p>
   </div>
   <div class='ocr_carea' id='block_1_2' title="bbox 101 231 895 1195">
    <p class='ocr_par' dir='ltr' id='par_1_2' title="bbox 101 231 895 1195">
     <span class='ocr_line' id='line_1_2' title="bbox 153 231 845 305; baseline -0.006 -15"><span class='ocrx_word' id='word_1_5' title='bbox 153 234 400 304; x_wconf 86' lang='lat' dir='ltr'><strong>brachiaporrexit:</strong></span> <span class='ocrx_word' id='word_1_6' title='bbox 421 240 597 305; x_wconf 82' lang='lat' dir='ltr'>spectansque</span> <span class='ocrx_word' id='word_1_7' title='bbox 607 231 641 287; x_wconf 87' lang='lat' dir='ltr'><strong>ad</strong></span> <span class='ocrx_word' id='word_1_8' title='bbox 654 231 756 287; x_wconf 84' lang='lat' dir='ltr'><strong>iumine</strong></span> <span class='ocrx_word' id='word_1_9' title='bbox 766 231 845 299; x_wconf 84' lang='lat' dir='ltr'><strong>Solis,</strong></span> 
     </span>
     <span class='ocr_line' id='line_1_3' title="bbox 154 306 840 379; baseline -0.006 -15"><span class='ocrx_word' id='word_1_10' title='bbox 154 311 202 364; x_wconf 88' lang='lat' dir='ltr'><strong>Per</strong></span> <span class='ocrx_word' id='word_1_11' title='bbox 212 309 290 362; x_wconf 84' lang='lat' dir='ltr'><strong>iubar</strong></span> <span class='ocrx_word' id='word_1_12' title='bbox 299 307 361 372; x_wconf 84' lang='lat' dir='ltr'><strong>hoc,</strong></span> <span class='ocrx_word' id='word_1_13' title='bbox 382 308 484 379; x_wconf 88' lang='lat' dir='ltr'><strong>iuquit,</strong></span> <span class='ocrx_word' id='word_1_14' title='bbox 505 307 586 362; x_wconf 83' lang='lat' dir='ltr'><strong>radiis</strong></span> <span class='ocrx_word' id='word_1_15' title='bbox 597 306 703 379; x_wconf 81' lang='lat' dir='ltr'><strong>insigne</strong></span> <span class='ocrx_word' id='word_1_16' title='bbox 713 308 840 373; x_wconf 84' lang='lat' dir='ltr'><strong>eorusois,</strong></span> 
     </span>
     <span class='ocr_line' id='line_1_4' title="bbox 155 380 862 453; baseline -0.001 -16"><span class='ocrx_word' id='word_1_17' title='bbox 155 390 228 446; x_wconf 88' lang='lat' dir='ltr'><strong>nate,</strong></span> <span class='ocrx_word' id='word_1_18' title='bbox 248 381 296 435; x_wconf 89' lang='lat' dir='ltr'><strong>tibi</strong></span> <span class='ocrx_word' id='word_1_19' title='bbox 306 381 379 447; x_wconf 82' lang='lat' dir='ltr'><strong>iuro,</strong></span> <span class='ocrx_word' id='word_1_20' title='bbox 400 381 473 453; x_wconf 89' lang='lat' dir='ltr'><strong>quod</strong></span> <span class='ocrx_word' id='word_1_21' title='bbox 483 399 532 436; x_wconf 91' lang='lat' dir='ltr'><strong>nos</strong></span> <span class='ocrx_word' id='word_1_22' title='bbox 542 381 669 452; x_wconf 89' lang='lat' dir='ltr'><strong>auditque</strong></span> <span class='ocrx_word' id='word_1_23' title='bbox 679 380 816 452; x_wconf 87' lang='lat' dir='ltr'><strong>videtque;</strong></span> <span class='ocrx_word' id='word_1_24' title='bbox 860 432 862 436; x_wconf 89' lang='lat'><em>.</em></span> 
     </span>
     <span class='ocr_line' id='line_1_5' title="bbox 101 455 895 527; baseline -0.003 -16"><span class='ocrx_word' id='word_1_25' title='bbox 101 468 140 512; x_wconf 78' lang='lat' dir='ltr'><strong>tto</strong></span> <span class='ocrx_word' id='word_1_26' title='bbox 155 457 204 510; x_wconf 94' lang='lat' dir='ltr'><strong>hoc</strong></span> <span class='ocrx_word' id='word_1_27' title='bbox 217 463 250 520; x_wconf 87' lang='lat' dir='ltr'><strong>te,</strong></span> <span class='ocrx_word' id='word_1_28' title='bbox 271 472 352 527; x_wconf 90' lang='lat' dir='ltr'><strong>quem</strong></span> <span class='ocrx_word' id='word_1_29' title='bbox 362 465 473 526; x_wconf 79' lang='lat' dir='ltr'><strong>spectas,</strong></span> <span class='ocrx_word' id='word_1_30' title='bbox 490 456 540 510; x_wconf 87' lang='lat' dir='ltr'><strong>hoe</strong></span> <span class='ocrx_word' id='word_1_31' title='bbox 549 463 582 521; x_wconf 84' lang='lat' dir='ltr'><strong>to,</strong></span> <span class='ocrx_word' id='word_1_32' title='bbox 600 455 646 526; x_wconf 90' lang='lat' dir='ltr'><strong>qui</strong></span> <span class='ocrx_word' id='word_1_33' title='bbox 658 461 786 525; x_wconf 86' lang='lat' dir='ltr'><strong>temperat</strong></span> <span class='ocrx_word' id='word_1_34' title='bbox 794 455 895 522; x_wconf 81' lang='lat' dir='ltr'><strong>orbem,</strong></span> 
     </span>
     <span class='ocr_line' id='line_1_6' title="bbox 155 528 888 601; baseline 0 -17"><span class='ocrx_word' id='word_1_35' title='bbox 155 529 214 584; x_wconf 87' lang='lat' dir='ltr'><strong>Sole</strong></span> <span class='ocrx_word' id='word_1_36' title='bbox 225 537 322 584; x_wconf 80' lang='lat' dir='ltr'>satum.</span> <span class='ocrx_word' id='word_1_37' title='bbox 352 528 380 583; x_wconf 91' lang='lat' dir='ltr'><strong>Si</strong></span> <span class='ocrx_word' id='word_1_38' title='bbox 391 529 449 583; x_wconf 87' lang='lat' dir='ltr'><strong>ficta</strong></span> <span class='ocrx_word' id='word_1_39' title='bbox 460 528 567 600; x_wconf 85' lang='lat' dir='ltr'><strong>loquor,</strong></span> <span class='ocrx_word' id='word_1_40' title='bbox 589 537 666 601; x_wconf 79' lang='lat' dir='ltr'><strong>neget</strong></span> <span class='ocrx_word' id='word_1_41' title='bbox 674 529 732 599; x_wconf 90' lang='lat' dir='ltr'><strong>ipse</strong></span> <span class='ocrx_word' id='word_1_42' title='bbox 741 530 888 585; x_wconf 88' lang='lat' dir='ltr'><strong>videndum</strong></span> 
     </span>
     <span class='ocr_line' id='line_1_7' title="bbox 155 601 877 674; baseline 0 -16"><span class='ocrx_word' id='word_1_43' title='bbox 155 621 184 658; x_wconf 91' lang='lat' dir='ltr'><strong>se</strong></span> <span class='ocrx_word' id='word_1_44' title='bbox 192 603 275 671; x_wconf 88' lang='lat' dir='ltr'><strong>mihi;</strong></span> <span class='ocrx_word' id='word_1_45' title='bbox 296 603 385 674; x_wconf 89' lang='lat' dir='ltr'><strong>sitque</strong></span> <span class='ocrx_word' id='word_1_46' title='bbox 393 601 478 657; x_wconf 82' lang='lat' dir='ltr'><strong>oeulis</strong></span> <span class='ocrx_word' id='word_1_47' title='bbox 492 602 540 657; x_wconf 85' lang='lat' dir='ltr'><strong>iux</strong></span> <span class='ocrx_word' id='word_1_48' title='bbox 552 603 602 656; x_wconf 88' lang='lat' dir='ltr'><strong>ista</strong></span> <span class='ocrx_word' id='word_1_49' title='bbox 613 603 759 658; x_wconf 85' lang='lat' dir='ltr'><strong>novissima</strong></span> <span class='ocrx_word' id='word_1_50' title='bbox 769 604 877 660; x_wconf 83' lang='lat' dir='ltr'><strong>nostrie.</strong></span> 
     </span>
     <span class='ocr_line' id='line_1_8' title="bbox 156 675 834 748; baseline 0.003 -16"><span class='ocrx_word' id='word_1_51' title='bbox 156 679 210 732; x_wconf 87' lang='lat' dir='ltr'><strong>Nee</strong></span> <span class='ocrx_word' id='word_1_52' title='bbox 219 676 316 748; x_wconf 81' lang='lat' dir='ltr'><strong>longus</strong></span> <span class='ocrx_word' id='word_1_53' title='bbox 325 676 425 745; x_wconf 84' lang='lat' dir='ltr'><strong>patrios</strong></span> <span class='ocrx_word' id='word_1_54' title='bbox 435 675 508 731; x_wconf 85' lang='lat' dir='ltr'><strong>labor</strong></span> <span class='ocrx_word' id='word_1_55' title='bbox 517 683 558 730; x_wconf 86' lang='lat' dir='ltr'><strong>eet</strong></span> <span class='ocrx_word' id='word_1_56' title='bbox 567 676 615 730; x_wconf 83' lang='lat' dir='ltr'><strong>tibi</strong></span> <span class='ocrx_word' id='word_1_57' title='bbox 625 693 703 731; x_wconf 88' lang='lat' dir='ltr'><strong>nosse</strong></span> <span class='ocrx_word' id='word_1_58' title='bbox 712 687 834 748; x_wconf 87' lang='lat' dir='ltr'><strong>penates:</strong></span> 
     </span>
     <span class='ocr_line' id='line_1_9' title="bbox 155 748 876 813; baseline 0.001 -8"><span class='ocrx_word' id='word_1_59' title='bbox 155 750 228 805; x_wconf 89' lang='lat' dir='ltr'><strong>unde</strong></span> <span class='ocrx_word' id='word_1_60' title='bbox 236 749 329 813; x_wconf 86' lang='lat' dir='ltr'><strong>oritur,</strong></span> <span class='ocrx_word' id='word_1_61' title='bbox 344 755 426 804; x_wconf 84' lang='lat' dir='ltr'><strong>terrae</strong></span> <span class='ocrx_word' id='word_1_62' title='bbox 435 748 532 804; x_wconf 86' lang='lat' dir='ltr'>domus</span> <span class='ocrx_word' id='word_1_63' title='bbox 541 757 581 804; x_wconf 84' lang='lat' dir='ltr'><strong>eet</strong></span> <span class='ocrx_word' id='word_1_64' title='bbox 589 751 752 806; x_wconf 82' lang='lat' dir='ltr'><strong>contermina</strong></span> <span class='ocrx_word' id='word_1_65' title='bbox 763 759 876 806; x_wconf 86' lang='lat' dir='ltr'><strong>nostrae.</strong></span> 
     </span>
     <span class='ocr_line' id='line_1_10' title="bbox 102 821 894 897; baseline 0.003 -19"><span class='ocrx_word' id='word_1_66' title='bbox 102 836 141 879; x_wconf 77' lang='lat'><strong>775</strong></span> <span class='ocrx_word' id='word_1_67' title='bbox 156 822 183 878; x_wconf 87' lang='lat' dir='ltr'><strong>Si</strong></span> <span class='ocrx_word' id='word_1_68' title='bbox 194 822 273 878; x_wconf 90' lang='lat' dir='ltr'><strong>modo</strong></span> <span class='ocrx_word' id='word_1_69' title='bbox 282 821 332 875; x_wconf 81' lang='lat' dir='ltr'><strong>ient</strong></span> <span class='ocrx_word' id='word_1_70' title='bbox 340 823 457 887; x_wconf 87' lang='lat' dir='ltr'><strong>animus,</strong></span> <span class='ocrx_word' id='word_1_71' title='bbox 477 823 595 896; x_wconf 81' lang='lat' dir='ltr'>gradere,</span> <span class='ocrx_word' id='word_1_72' title='bbox 614 830 639 878; x_wconf 85' lang='lat' dir='ltr'><strong>et</strong></span> <span class='ocrx_word' id='word_1_73' title='bbox 648 825 816 881; x_wconf 84' lang='lat' dir='ltr'><strong>scitabereab</strong></span> <span class='ocrx_word' id='word_1_74' title='bbox 826 826 894 897; x_wconf 83' lang='lat' dir='ltr'><strong>ipso.</strong></span> 
     </span>
     <span class='ocr_line' id='line_1_11' title="bbox 155 895 734 967; baseline 0 -15"><span class='ocrx_word' id='word_1_75' title='bbox 155 897 259 952; x_wconf 77' lang='lat' dir='ltr'><strong>Emicat</strong></span> <span class='ocrx_word' id='word_1_76' title='bbox 267 895 398 965; x_wconf 83' lang='lat' dir='ltr'><strong>extemplo</strong></span> <span class='ocrx_word' id='word_1_77' title='bbox 411 895 493 951; x_wconf 86' lang='lat' dir='ltr'><strong>iaetus</strong></span> <span class='ocrx_word' id='word_1_78' title='bbox 502 904 563 967; x_wconf 85' lang='lat' dir='ltr'><strong>poet</strong></span> <span class='ocrx_word' id='word_1_79' title='bbox 571 897 632 952; x_wconf 76' lang='lat' dir='ltr'><strong>tolia</strong></span> <span class='ocrx_word' id='word_1_80' title='bbox 642 898 734 952; x_wconf 83' lang='lat' dir='ltr'><strong>matris</strong></span> 
     </span>
     <span class='ocr_line' id='line_1_12' title="bbox 156 968 847 1042; baseline 0.003 -17"><span class='ocrx_word' id='word_1_81' title='bbox 156 968 455 1038; x_wconf 69' lang='lat' dir='ltr'><strong>dietasuasPhnethom</strong></span> <span class='ocrx_word' id='word_1_82' title='bbox 475 979 501 1025; x_wconf 91' lang='lat' dir='ltr'><strong>et</strong></span> <span class='ocrx_word' id='word_1_83' title='bbox 510 972 624 1042; x_wconf 87' lang='lat' dir='ltr'><strong>concipit</strong></span> <span class='ocrx_word' id='word_1_84' title='bbox 632 973 736 1026; x_wconf 84' lang='lat' dir='ltr'><strong>aethera</strong></span> <span class='ocrx_word' id='word_1_85' title='bbox 746 982 847 1027; x_wconf 81' lang='lat' dir='ltr'><strong>mente:</strong></span> 
     </span>
     <span class='ocr_line' id='line_1_13' title="bbox 156 1044 878 1121; baseline 0.003 -22"><span class='ocrx_word' id='word_1_86' title='bbox 156 1044 352 1114; x_wconf 80' lang='lat' dir='ltr'><strong>Aethiopasque</strong></span> <span class='ocrx_word' id='word_1_87' title='bbox 360 1060 433 1108; x_wconf 85' lang='lat' dir='ltr'>suos,</span> <span class='ocrx_word' id='word_1_88' title='bbox 454 1044 607 1117; x_wconf 86' lang='lat' dir='ltr'><strong>positosque</strong></span> <span class='ocrx_word' id='word_1_89' title='bbox 619 1047 671 1101; x_wconf 84' lang='lat' dir='ltr'><strong>sub</strong></span> <span class='ocrx_word' id='word_1_90' title='bbox 681 1047 789 1121; x_wconf 82' lang='lat' dir='ltr'>ignibus</span> <span class='ocrx_word' id='word_1_91' title='bbox 800 1046 878 1101; x_wconf 76' lang='lat' dir='ltr'><strong>Indos</strong></span> 
     </span>
     <span class='ocr_line' id='line_1_14' title="bbox 157 1118 864 1195; baseline 0.003 -23"><span class='ocrx_word' id='word_1_92' title='bbox 157 1118 279 1184; x_wconf 78' lang='lat' dir='ltr'><strong>sidereis,</strong></span> <span class='ocrx_word' id='word_1_93' title='bbox 300 1119 408 1188; x_wconf 79' lang='lat' dir='ltr'><strong>transit3</strong></span> <span class='ocrx_word' id='word_1_94' title='bbox 427 1119 581 1191; x_wconf 87' lang='lat' dir='ltr'><strong>patriosque</strong></span> <span class='ocrx_word' id='word_1_95' title='bbox 593 1119 648 1175; x_wconf 86' lang='lat' dir='ltr'><strong>edit</strong></span> <span class='ocrx_word' id='word_1_96' title='bbox 659 1121 772 1195; x_wconf 82' lang='lat' dir='ltr'><strong>impiger</strong></span> <span class='ocrx_word' id='word_1_97' title='bbox 781 1129 864 1177; x_wconf 84' lang='lat' dir='ltr'><strong>ortus.</strong></span> 
     </span>
    </p>
   </div>
   <div class='ocr_carea' id='block_1_3' title="bbox 156 1293 771 1483">
    <p class='ocr_par' dir='ltr' id='par_1_3' title="bbox 156 1293 771 1483">
     <span class='ocr_line' id='line_1_15' title="bbox 245 1293 707 1352; baseline 0.002 -4"><span class='ocrx_word' id='word_1_98' title='bbox 245 1293 402 1349; x_wconf 86' lang='lat' dir='ltr'><strong>LIBER</strong></span> <span class='ocrx_word' id='word_1_99' title='bbox 433 1293 707 1352; x_wconf 78' lang='lat' dir='ltr'><strong>SECUNDUS·</strong></span> 
     </span>
     <span class='ocr_line' id='line_1_16' title="bbox 156 1404 771 1483; baseline 0.003 -18"><span class='ocrx_word' id='word_1_100' title='bbox 156 1404 242 1483; x_wconf 77' lang='lat' dir='ltr'><strong>Regin</strong></span> <span class='ocrx_word' id='word_1_101' title='bbox 252 1410 320 1466; x_wconf 86' lang='lat' dir='ltr'><strong>Solis</strong></span> <span class='ocrx_word' id='word_1_102' title='bbox 330 1418 386 1465; x_wconf 82' lang='lat' dir='ltr'><strong>erat</strong></span> <span class='ocrx_word' id='word_1_103' title='bbox 395 1412 558 1467; x_wconf 76' lang='lat' dir='ltr'>sublimibus</span> <span class='ocrx_word' id='word_1_104' title='bbox 569 1412 620 1467; x_wconf 85' lang='lat' dir='ltr'><strong>alta</strong></span> <span class='ocrx_word' id='word_1_105' title='bbox 629 1412 771 1478; x_wconf 77' lang='lat' dir='ltr'><strong>columnis,</strong></span> 
     </span>
    </p>
   </div>
   <div class='ocr_carea' id='block_1_4' title="bbox 99 1483 926 2666">
    <p class='ocr_par' dir='ltr' id='par_1_4' title="bbox 99 1483 926 2666">
     <span class='ocr_line' id='line_1_17' title="bbox 157 1483 881 1558; baseline 0.007 -22"><span class='ocrx_word' id='word_1_106' title='bbox 157 1483 226 1536; x_wconf 84' lang='lat' dir='ltr'><strong>clara</strong></span> <span class='ocrx_word' id='word_1_107' title='bbox 236 1483 433 1547; x_wconf 80' lang='lat' dir='ltr'><strong>micanteauro,</strong></span> <span class='ocrx_word' id='word_1_108' title='bbox 453 1484 628 1555; x_wconf 85' lang='lat' dir='ltr'><strong>flammasque</strong></span> <span class='ocrx_word' id='word_1_109' title='bbox 639 1486 758 1539; x_wconf 80' lang='lat' dir='ltr'><strong>imitante</strong></span> <span class='ocrx_word' id='word_1_110' title='bbox 767 1503 881 1558; x_wconf 83' lang='lat' dir='ltr'>pyropo:</span> 
     </span>
     <span class='ocr_line' id='line_1_18' title="bbox 157 1553 795 1628; baseline 0.005 -20"><span class='ocrx_word' id='word_1_111' title='bbox 157 1555 235 1608; x_wconf 87' lang='lat' dir='ltr'>cuius</span> <span class='ocrx_word' id='word_1_112' title='bbox 246 1554 313 1608; x_wconf 85' lang='lat' dir='ltr'><strong>ebur</strong></span> <span class='ocrx_word' id='word_1_113' title='bbox 322 1553 441 1609; x_wconf 83' lang='lat' dir='ltr'><strong>nitidum</strong></span> <span class='ocrx_word' id='word_1_114' title='bbox 446 1555 551 1628; x_wconf 81' lang='lat' dir='ltr'><strong>fastigia</strong></span> <span class='ocrx_word' id='word_1_115' title='bbox 563 1574 670 1610; x_wconf 84' lang='lat' dir='ltr'>summa</span> <span class='ocrx_word' id='word_1_116' title='bbox 681 1558 795 1628; x_wconf 81' lang='lat' dir='ltr'><strong>tegebat:</strong></span> 
     </span>
     <span class='ocr_line' id='line_1_19' title="bbox 156 1626 733 1701; baseline 0 -19"><span class='ocrx_word' id='word_1_117' title='bbox 156 1627 258 1701; x_wconf 83' lang='lat' dir='ltr'><strong>argenti</strong></span> <span class='ocrx_word' id='word_1_118' title='bbox 267 1626 364 1682; x_wconf 85' lang='lat' dir='ltr'><strong>bifores</strong></span> <span class='ocrx_word' id='word_1_119' title='bbox 375 1628 512 1682; x_wconf 85' lang='lat' dir='ltr'><strong>radiebant</strong></span> <span class='ocrx_word' id='word_1_120' title='bbox 521 1630 623 1683; x_wconf 88' lang='lat' dir='ltr'><strong>lumine</strong></span> <span class='ocrx_word' id='word_1_121' title='bbox 632 1628 733 1682; x_wconf 85' lang='lat' dir='ltr'><strong>valvae.</strong></span> 
     </span>
     <span class='ocr_line' id='line_1_20' title="bbox 157 1701 819 1776; baseline 0 -20"><span class='ocrx_word' id='word_1_122' title='bbox 157 1702 292 1757; x_wconf 80' lang='lat' dir='ltr'><strong>Materiam</strong></span> <span class='ocrx_word' id='word_1_123' title='bbox 301 1702 442 1772; x_wconf 85' lang='lat' dir='ltr'><strong>superabat</strong></span> <span class='ocrx_word' id='word_1_124' title='bbox 450 1719 532 1776; x_wconf 23' lang='lat' dir='ltr'><strong>opu—e:</strong></span> <span class='ocrx_word' id='word_1_125' title='bbox 554 1719 616 1757; x_wconf 87' lang='lat' dir='ltr'><strong>nam</strong></span> <span class='ocrx_word' id='word_1_126' title='bbox 626 1701 819 1757; x_wconf 83' lang='lat' dir='ltr'><strong>Mulciberillie</strong></span> 
     </span>
     <span class='ocr_line' id='line_1_21' title="bbox 156 1775 766 1849; baseline 0 -19"><span class='ocrx_word' id='word_1_127' title='bbox 156 1775 401 1847; x_wconf 85' lang='lat' dir='ltr'><strong>aequoraoaelaret,</strong></span> <span class='ocrx_word' id='word_1_128' title='bbox 422 1776 523 1831; x_wconf 88' lang='lat' dir='ltr'><strong>medies</strong></span> <span class='ocrx_word' id='word_1_129' title='bbox 532 1775 665 1849; x_wconf 80' lang='lat' dir='ltr'><strong>cingentia</strong></span> <span class='ocrx_word' id='word_1_130' title='bbox 675 1783 766 1842; x_wconf 85' lang='lat' dir='ltr'><strong>terras,</strong></span> 
     </span>
     <span class='ocr_line' id='line_1_22' title="bbox 156 1849 899 1979; baseline 0.001 -73"><span class='ocrx_word' id='word_1_131' title='bbox 156 1857 339 1923; x_wconf 78' lang='lat' dir='ltr'><strong>terrarumque</strong></span> <span class='ocrx_word' id='word_1_132' title='bbox 356 1851 461 1916; x_wconf 81' lang='lat' dir='ltr'><strong>orbem,</strong></span> <span class='ocrx_word' id='word_1_133' title='bbox 482 1849 652 1921; x_wconf 83' lang='lat' dir='ltr'><strong>ossiumque,</strong></span> <span class='ocrx_word' id='word_1_134' title='bbox 663 1850 755 1979; x_wconf 73' lang='lat' dir='ltr'><strong>bquod</strong></span> <span class='ocrx_word' id='word_1_135' title='bbox 777 1851 899 1907; x_wconf 87' lang='lat' dir='ltr'><strong>imminet</strong></span> 
     </span>
     <span class='ocr_line' id='line_1_23' title="bbox 633 1941 702 1978; baseline 0 0"><span class='ocrx_word' id='word_1_136' title='bbox 633 1941 663 1978; x_wconf 89' lang='lat' dir='ltr'><strong>or</strong></span> <span class='ocrx_word' id='word_1_137' title='bbox 682 1942 702 1978; x_wconf 88' lang='lat'><strong>1.</strong></span> 
     </span>
     <span class='ocr_line' id='line_1_24' title="bbox 158 1995 829 2067; baseline -0.001 -15"><span class='ocrx_word' id='word_1_138' title='bbox 158 1995 297 2067; x_wconf 84' lang='lat' dir='ltr'><strong>Caeruleos</strong></span> <span class='ocrx_word' id='word_1_139' title='bbox 305 1997 466 2053; x_wconf 88' lang='lat' dir='ltr'><strong>habetunda</strong></span> <span class='ocrx_word' id='word_1_140' title='bbox 476 1997 554 2065; x_wconf 89' lang='lat' dir='ltr'><strong>deos;</strong></span> <span class='ocrx_word' id='word_1_141' title='bbox 576 1997 829 2062; x_wconf 85' lang='lat' dir='ltr'><strong>Tritonacanorum,</strong></span> 
     </span>
     <span class='ocr_line' id='line_1_25' title="bbox 157 2070 926 2145; baseline 0 -19"><span class='ocrx_word' id='word_1_142' title='bbox 157 2071 301 2142; x_wconf 76' lang='lat' dir='ltr'><strong>Proteaque</strong></span> <span class='ocrx_word' id='word_1_143' title='bbox 313 2073 481 2145; x_wconf 83' lang='lat' dir='ltr'><strong>ambiguum,</strong></span> <span class='ocrx_word' id='word_1_144' title='bbox 501 2070 727 2144; x_wconf 84' lang='lat' dir='ltr'><strong>balaenarumque</strong></span> <span class='ocrx_word' id='word_1_145' title='bbox 735 2077 898 2144; x_wconf 79' lang='lat' dir='ltr'><strong>prementem</strong></span> <span class='ocrx_word' id='word_1_146' title='bbox 923 2119 926 2125; x_wconf 88' lang='lat'>.</span> 
     </span>
     <span class='ocr_line' id='line_1_26' title="bbox 103 2143 704 2218; baseline 0 -20"><span class='ocrx_word' id='word_1_147' title='bbox 103 2157 128 2199; x_wconf 80' lang='lat'><strong>1⁰</strong></span> <span class='ocrx_word' id='word_1_148' title='bbox 156 2143 292 2217; x_wconf 76' lang='lat' dir='ltr'><strong>Aegaeona</strong></span> <span class='ocrx_word' id='word_1_149' title='bbox 304 2145 361 2199; x_wconf 90' lang='lat' dir='ltr'><strong>suis</strong></span> <span class='ocrx_word' id='word_1_150' title='bbox 372 2146 500 2201; x_wconf 82' lang='lat' dir='ltr'><strong>immania</strong></span> <span class='ocrx_word' id='word_1_151' title='bbox 510 2154 581 2218; x_wconf 83' lang='lat' dir='ltr'><strong>terga</strong></span> <span class='ocrx_word' id='word_1_152' title='bbox 592 2145 704 2209; x_wconf 83' lang='lat' dir='ltr'><strong>lacertis,</strong></span> 
     </span>
     <span class='ocr_line' id='line_1_27' title="bbox 157 2217 859 2290; baseline 0.001 -17"><span class='ocrx_word' id='word_1_153' title='bbox 157 2219 315 2290; x_wconf 86' lang='lat' dir='ltr'><strong>Doridaque,</strong></span> <span class='ocrx_word' id='word_1_154' title='bbox 330 2227 355 2274; x_wconf 88' lang='lat' dir='ltr'><strong>et</strong></span> <span class='ocrx_word' id='word_1_155' title='bbox 365 2228 453 2277; x_wconf 70' lang='lat' dir='ltr'><strong>naus:</strong></span> <span class='ocrx_word' id='word_1_156' title='bbox 475 2237 590 2290; x_wconf 84' lang='lat' dir='ltr'>querum</span> <span class='ocrx_word' id='word_1_157' title='bbox 601 2237 662 2290; x_wconf 86' lang='lat' dir='ltr'><strong>pars</strong></span> <span class='ocrx_word' id='word_1_158' title='bbox 672 2236 735 2274; x_wconf 87' lang='lat' dir='ltr'><strong>nare</strong></span> <span class='ocrx_word' id='word_1_159' title='bbox 744 2217 859 2283; x_wconf 84' lang='lat' dir='ltr'><strong>videtur,</strong></span> 
     </span>
     <span class='ocr_line' id='line_1_28' title="bbox 155 2291 789 2365; baseline 0 -19"><span class='ocrx_word' id='word_1_160' title='bbox 155 2310 218 2365; x_wconf 88' lang='lat' dir='ltr'><strong>pare</strong></span> <span class='ocrx_word' id='word_1_161' title='bbox 227 2294 256 2347; x_wconf 92' lang='lat' dir='ltr'><strong>in</strong></span> <span class='ocrx_word' id='word_1_162' title='bbox 266 2291 335 2348; x_wconf 88' lang='lat' dir='ltr'><strong>mole</strong></span> <span class='ocrx_word' id='word_1_163' title='bbox 344 2294 439 2348; x_wconf 90' lang='lat' dir='ltr'><strong>sedens</strong></span> <span class='ocrx_word' id='word_1_164' title='bbox 449 2293 548 2348; x_wconf 86' lang='lat' dir='ltr'><strong>virides</strong></span> <span class='ocrx_word' id='word_1_165' title='bbox 557 2294 654 2348; x_wconf 87' lang='lat' dir='ltr'><strong>siccare</strong></span> <span class='ocrx_word' id='word_1_166' title='bbox 666 2291 789 2364; x_wconf 79' lang='lat' dir='ltr'><strong>capillos3</strong></span> 
     </span>
     <span class='ocr_line' id='line_1_29' title="bbox 135 2367 841 2439; baseline 0.003 -19"><span class='ocrx_word' id='word_1_167' title='bbox 135 2372 137 2376; x_wconf 70' lang='grc'><strong><em>’</em></strong></span> <span class='ocrx_word' id='word_1_168' title='bbox 156 2368 228 2439; x_wconf 87' lang='lat' dir='ltr'><strong>pisce</strong></span> <span class='ocrx_word' id='word_1_169' title='bbox 237 2367 298 2422; x_wconf 86' lang='lat' dir='ltr'><strong>vehi</strong></span> <span class='ocrx_word' id='word_1_170' title='bbox 307 2368 447 2439; x_wconf 85' lang='lat' dir='ltr'><strong>quaedam.</strong></span> <span class='ocrx_word' id='word_1_171' title='bbox 477 2368 567 2422; x_wconf 82' lang='lat' dir='ltr'><strong>Facies</strong></span> <span class='ocrx_word' id='word_1_172' title='bbox 577 2385 630 2422; x_wconf 91' lang='lat' dir='ltr'><strong>non</strong></span> <span class='ocrx_word' id='word_1_173' title='bbox 640 2368 766 2422; x_wconf 89' lang='lat' dir='ltr'><strong>omnihus</strong></span> <span class='ocrx_word' id='word_1_174' title='bbox 776 2385 841 2430; x_wconf 89' lang='lat' dir='ltr'><strong>una,</strong></span> 
     </span>
     <span class='ocr_line' id='line_1_30' title="bbox 156 2440 850 2513; baseline 0 -18"><span class='ocrx_word' id='word_1_175' title='bbox 156 2459 204 2496; x_wconf 87' lang='lat' dir='ltr'><strong>nee</strong></span> <span class='ocrx_word' id='word_1_176' title='bbox 214 2441 317 2496; x_wconf 88' lang='lat' dir='ltr'><strong>diversa</strong></span> <span class='ocrx_word' id='word_1_177' title='bbox 328 2449 430 2496; x_wconf 87' lang='lat' dir='ltr'><strong>tamen:</strong></span> <span class='ocrx_word' id='word_1_178' title='bbox 451 2440 557 2513; x_wconf 88' lang='lat' dir='ltr'><strong>qualem</strong></span> <span class='ocrx_word' id='word_1_179' title='bbox 571 2441 643 2496; x_wconf 82' lang='lat' dir='ltr'><strong>decet</strong></span> <span class='ocrx_word' id='word_1_180' title='bbox 653 2459 850 2498; x_wconf 83' lang='lat' dir='ltr'><strong>essesororum.</strong></span> 
     </span>
     <span class='ocr_line' id='line_1_31' title="bbox 99 2515 896 2589; baseline 0.001 -22"><span class='ocrx_word' id='word_1_181' title='bbox 99 2527 127 2568; x_wconf 75' lang='lat'><strong>15</strong></span> <span class='ocrx_word' id='word_1_182' title='bbox 156 2516 234 2570; x_wconf 85' lang='lat' dir='ltr'><strong>Terra</strong></span> <span class='ocrx_word' id='word_1_183' title='bbox 243 2516 328 2581; x_wconf 85' lang='lat' dir='ltr'><strong>viros,</strong></span> <span class='ocrx_word' id='word_1_184' title='bbox 348 2516 483 2588; x_wconf 88' lang='lat' dir='ltr'><strong>urbesque</strong></span> <span class='ocrx_word' id='word_1_185' title='bbox 491 2516 573 2589; x_wconf 83' lang='lat' dir='ltr'><strong>gerit,</strong></span> <span class='ocrx_word' id='word_1_186' title='bbox 594 2515 743 2587; x_wconf 83' lang='lat' dir='ltr'><strong>silvasque,</strong></span> <span class='ocrx_word' id='word_1_187' title='bbox 765 2515 896 2586; x_wconf 79' lang='lat' dir='ltr'><strong>ferasque,</strong></span> 
     </span>
     <span class='ocr_line' id='line_1_32' title="bbox 139 2586 896 2666; baseline 0.005 -27"><span class='ocrx_word' id='word_1_188' title='bbox 139 2586 325 2664; x_wconf 69' lang='lat' dir='ltr'><strong>flumineque,</strong></span> <span class='ocrx_word' id='word_1_189' title='bbox 348 2597 375 2647; x_wconf 89' lang='lat' dir='ltr'><strong>et</strong></span> <span class='ocrx_word' id='word_1_190' title='bbox 384 2591 536 2666; x_wconf 73' lang='lat' dir='ltr'><strong>Nymphae,</strong></span> <span class='ocrx_word' id='word_1_191' title='bbox 548 2597 575 2646; x_wconf 87' lang='lat' dir='ltr'><strong>et</strong></span> <span class='ocrx_word' id='word_1_192' title='bbox 585 2598 685 2646; x_wconf 80' lang='lat' dir='ltr'><strong>caetera</strong></span> <span class='ocrx_word' id='word_1_193' title='bbox 693 2590 806 2645; x_wconf 85' lang='lat' dir='ltr'><strong>numine</strong></span> <span class='ocrx_word' id='word_1_194' title='bbox 816 2590 896 2644; x_wconf 85' lang='lat' dir='ltr'>ruris.</span> 
     </span>
    </p>
   </div>
   <div class='ocr_carea' id='block_1_5' title="bbox 0 0 942 2940">
    <p class='ocr_par' dir='ltr' id='par_1_5' title="bbox 0 0 942 2940">
     <span class='ocr_line' id='line_1_33' title="bbox 0 0 942 2940; baseline 0 0"><span class='ocrx_word' id='word_1_195' title='bbox 0 0 942 2940; x_wconf 95' lang='lat' dir='ltr'><strong> </strong></span> 
     </span>
    </p>
   </div>
   <div class='ocr_carea' id='block_1_6' title="bbox 184 2858 353 2886">
    <p class='ocr_par' dir='ltr' id='par_1_6' title="bbox 184 2858 353 2886">
     <span class='ocr_line' id='line_1_34' title="bbox 184 2858 353 2886; baseline 0 0"><span class='ocrx_word' id='word_1_196' title='bbox 184 2860 215 2886; x_wconf 78' lang='grc' dir='ltr'><strong><em>Δ</em></strong></span> <span class='ocrx_word' id='word_1_197' title='bbox 323 2858 353 2886; x_wconf 63' lang='lat' dir='ltr'>k</span> 
     </span>
    </p>
   </div>
  </div>
 </body>
</html>
