1874 2940
124 133 156 185 Η
304 137 333 183 P.
353 134 480 182 ovmn
497 136 665 182 NASONIS

122 237 308 308 uutpiesuut‚
329 234 491 308 nullumque
499 234 573 290 nefas
581 235 687 292 oracula
697 236 819 291 suadent.

122 312 463 385 Magueparensterraeet;
484 309 740 382 lepidesiueerpore
748 304 831 365 terrae

122 402 182 441 essu
194 402 252 440 reor
260 385 328 440 diei:
349 384 490 440 iuoerehos
500 391 560 455 pest
569 391 640 456 terga
651 385 787 439 iubemur.

69 473 108 516 395
123 459 251 532 Coniugis
261 460 374 534 augurio
383 474 549 530 quamquam
559 457 662 512 Titania
672 464 742 513 mete
753 466 805 527 est3

122 550 184 605 spes
193 543 281 589 temen
292 534 321 589 in
331 533 414 588 dubio
422 540 477 587 eet:
498 531 563 586 udee
571 530 730 587 eoelestibus
742 533 821 587 ambo

123 606 249 663 diffidunt
257 608 376 663 monitis.
406 605 534 678 Sedquid
544 613 643 661 tentare
653 605 775 661 noeebit‘?

122 681 275 746 Discedunt,
291 680 434 752 velantque
444 686 532 752 ceput,
548 679 708 752 tunicasque
716 681 865 755 recingunt,

123 763 148 810 et
157 755 245 810 iussos
255 753 356 826 lapides
366 772 415 809 sua
424 762 485 827 post
493 754 606 827 vestigia
616 754 735 810 mittunt.

69 840 108 885 eeu
123 829 191 884 Saxa
202 828 273 902 (quis
283 828 333 884 hoe
342 827 444 894 credet,
465 829 517 883 nisi
528 828 564 882 sit
572 845 621 899 pro
630 835 695 883 teste
705 829 849 903 vetustesYJ

123 920 221 974 ponere
230 902 355 957 duritiem
365 919 480 973 coepere,
501 919 638 974 suumque
648 903 772 1030 ripereuu,

123 977 276 1048 mollirique
285 993 374 1042 more,
395 975 550 1048 mellitaque
559 976 655 1031 ducere
678 995 790 1033 ormam.

123 1052 194 1116 Mox,
215 1051 262 1105 ubi
271 1057 426 1115 creverunt,
447 1057 594 1121 naturaque
604 1051 692 1107 mitior
702 1052 756 1107 illis

123 1124 247 1198 contigit,
268 1132 298 1180 ut
307 1124 453 1197 quaedem,
474 1124 577 1179 sienon
590 1125 743 1191 manifeste,
764 1126 848 1181 videri

69 1209 107 1255 405
122 1199 205 1255 forma
215 1205 300 1272 potest
310 1199 442 1268 homiuie;
463 1198 511 1255 sed
523 1199 562 1254 uti
572 1197 605 1254 de
614 1216 745 1255 marmore
755 1207 854 1270 coepte,

123 1281 275 1330 nonexacta
284 1275 359 1342 satis,
380 1275 548 1347 rudibusque
556 1273 695 1329 simillima
704 1273 800 1347 signis.

122 1344 195 1414 Quae
204 1356 292 1403 temen
302 1367 336 1404 ex
345 1349 398 1404 illie
408 1349 500 1421 alique
510 1367 573 1421 pers
582 1348 694 1405 humida
704 1365 783 1404 sueco

122 1429 148 1474 et
156 1429 258 1475 terrena
268 1421 333 1487 fuit,
354 1440 430 1478 versu
440 1424 518 1478 estin
528 1424 645 1494 corporis
655 1440 752 1478 usum:

123 1493 195 1564 quod
214 1492 331 1549 solidum
350 1501 403 1559 est,
429 1493 551 1566 flectique
569 1496 675 1566 nequit,
701 1504 819 1550 mutetur
839 1497 867 1548 in

603 1584 663 1622 essu
672 1586 677 1620 :

68 1651 107 1697 410
122 1640 195 1716 qued
205 1639 284 1697 medo
293 1658 360 1697 vena
371 1641 436 1708 fuit,
456 1640 508 1696 eub
518 1638 609 1695 eedem
619 1639 726 1694 nomine
734 1641 847 1695 mansit:

122 1717 205 1788 inque
215 1716 290 1772 brevi
300 1717 401 1788 spatio,
421 1716 585 1787 Superorum
595 1713 722 1778 numine,
743 1730 808 1769 saxa

123 1791 206 1845 missa
215 1790 267 1845 viri
277 1791 403 1846 manibus
416 1791 510 1846 faciem
521 1797 622 1844 traxere
631 1787 760 1852 virorum,

122 1872 147 1919 et
158 1863 191 1919 de
201 1863 315 1921 femineo
323 1873 441 1937 reparate
450 1871 491 1919 est
499 1861 598 1918 semina
609 1863 689 1917 iaetu.

122 1938 186 1994 Inde
194 1955 280 2012 genus
290 1939 390 1995 durum
398 1957 505 2005 sumus,
525 1937 717 2008 experiensque
730 1934 866 1993 laborum:

67 2020 106 2067 415
121 2021 147 2067 et
155 2013 312 2069 documenta
322 2013 432 2079 damus,
452 2030 507 2085 que
517 2013 603 2067 simus
613 2012 716 2084 origine
727 2012 791 2066 nati.

160 2087 265 2142 Caetera
277 2087 391 2143 diversis
400 2087 479 2143 tellus
490 2085 614 2143 animalia
625 2085 718 2142 formis

121 2169 215 2233 sponte
224 2178 273 2216 sue
282 2163 394 2234 peperit,
413 2170 556 2234 postquam
565 2168 643 2217 vetus
652 2160 750 2215 humor
760 2161 794 2215 eb
807 2162 869 2234 igne

122 2235 251 2307 percaluit
259 2235 342 2302 solis,
362 2254 528 2308 coenumque
538 2235 659 2308 udaeque
669 2233 781 2306 paludes

122 2311 274 2365 intumuere
285 2319 374 2366 aestu:
396 2311 561 2382 secundaque
571 2310 674 2364 semina
684 2326 775 2364 rerum

68 2391 106 2438 420
122 2384 207 2439 vivaci
219 2386 319 2440 nutrita
329 2385 401 2452 solo,
422 2403 471 2440 ceu
482 2386 574 2440 matris
583 2385 612 2439 iu
622 2383 692 2449 alvo,

121 2467 274 2526 creverunt,
296 2459 444 2532 faciemque
453 2459 571 2532 aliquam
580 2477 672 2530 eepere
682 2458 819 2513 morando.

115 2531 170 2595 Sic,
195 2534 241 2587 ubi
252 2534 498 2591 deseruitmudidos
508 2533 680 2607 septemfluus
690 2550 767 2606 egros

95 2599 197 2667 Wlla‘,
222 2615 251 2661 et
257 2612 377 2685 antiquo
386 2629 437 2670 sua
448 2609 564 2669 ssuminu
572 2609 689 2668 reddedit
697 2608 786 2672 auree,
