1874 2940
138 137 188 191 dl?-
318 139 350 185 Ρ.
375 136 503 184 0v1n11
520 136 691 183 NASONlss

137 256 301 312 supposuere
311 256 418 302 manus,
440 237 493 291 nisi
505 237 592 307 siqua
604 235 718 291 vehebet
727 235 863 299 Achivos.

137 315 227 373 Cladis
237 315 324 370 adbuc
334 313 465 387 Phrygiae
475 328 619 375 memores,
640 309 718 364 odere
726 312 873 390 Pelasgos:

137 390 306 462 Neritiaeque
314 389 377 443 ratis
387 387 513 442 viderunt
522 384 652 458 fragmina
663 383 739 440 luetis

137 465 273 522 vultibus:
294 471 320 519 et
329 462 403 520 laetis
413 461 502 518 videre
512 461 640 534 rigescere
649 460 766 530 puppim

84 553 123 597 555
137 539 258 598 uultibus
268 537 381 603 Alcinoi,
401 534 704 608 saxumqueinereseere
714 533 802 608 ligno.

175 615 241 686 Spes
251 621 315 679 erat,
337 613 368 668 in
378 605 739 685 Nymphasanimateolesse
750 615 874 672 marinas

138 705 217 762 posse
226 695 300 743 metu
310 685 421 742 monstri
432 683 561 738 Rutulum
571 683 697 739 desistere
705 682 789 742 bello.

139 765 253 825 Perstat,
283 759 416 829 habetque
434 757 496 813 deos
517 775 579 830 pars
598 765 726 888 utireque,
759 763 892 839 quodque

638 849 730 888 eorum
740 842 783 890 est

139 910 238 973 instar,
259 904 484 963 habentanimos:
506 923 555 962 nec
569 907 622 962 iem
632 906 729 963 dotalia
739 925 836 982 regna,

86 997 125 1041 ste
140 999 188 1039 nee
198 988 332 1053 sceptrum
342 980 439 1048 soeeri,
459 999 508 1037 nee
516 990 551 1048 te,
570 981 780 1057 Laviniavirgo,

140 1056 187 1114 sed
196 1056 293 1113 vicisse
302 1065 409 1131 petunt:
430 1056 634 1129 deponendique
642 1055 746 1128 pudore

139 1131 210 1190 bella
219 1142 326 1208 gerunt.
356 1133 529 1204 Tandemque
537 1131 628 1187 Venus
640 1130 759 1186 victricia
769 1136 826 1190 neti

140 1227 214 1265 arma
224 1210 304 1275 videt,
325 1208 487 1280 Turnusque
496 1204 580 1274 cadit,
601 1205 671 1260 eadit
680 1204 776 1272 Ardea,
799 1209 892 1267 Turno

140 1285 239 1358 sospite
256 1285 324 1340 dieta
342 1291 446 1356 potens.
489 1280 577 1348 Quam
595 1287 739 1366 pqstqunm
757 1281 892 1342 barbarus

620 1372 629 1408 ι
650 1372 692 1408 nrs

87 1445 126 1490 575
140 1431 260 1497 abstulit,
280 1439 306 1488 et
315 1431 403 1502 tepida
412 1435 557 1503 patuerunt
565 1372 746 1497 tectaglavilla3

140 1506 262 1578 congerie
274 1522 289 1560 e
300 1506 455 1561 mediatum
468 1505 587 1575 primum
597 1504 700 1577 cognita
710 1520 824 1578 praepes

141 1579 278 1637 subvolat:
300 1588 326 1635 et
334 1580 435 1634 eineres
447 1578 550 1650 plausis
559 1579 695 1634 everberat
704 1577 764 1633 alis.

141 1657 175 1712 Et
184 1673 283 1722 sonus,
304 1662 330 1711 et
341 1654 454 1722 macies,
474 1661 500 1709 et
509 1652 603 1726 pallor,
623 1652 761 1718 domnia,
783 1665 892 1727 captam

141 1748 211 1803 quae
220 1730 328 1787 deceant
336 1731 440 1796 urbem,
462 1746 560 1785 nomen
571 1745 679 1800 quoque
689 1728 790 1784 mansit
800 1729 831 1787 in
844 1732 891 1789 illa

90 1817 127 1860 555
142 1805 232 1860 urbis:
253 1807 347 1879 etipsa
356 1807 414 1862 suis
423 1805 594 1879 deplangitur
603 1802 681 1858 ardea
692 1803 799 1876 pennis.

179 1879 288 1948 lamque
296 1881 358 1936 dees
368 1899 471 1946 omnes,
491 1877 840 1950 ipsamquerlene'iavirtus

141 1951 271 2006 lunonem
280 1960 380 2007 veteres
390 1955 467 2008 finire
477 1955 596 2025 megerae
606 1953 672 2008 ires:

141 2040 238 2099 quum,
259 2023 327 2078 hene
336 2024 454 2081 fundatis
465 2026 562 2097 opibus
574 2027 716 2083 crescentis
725 2025 786 2094 Iuli,

141 2097 316 2172 tempestivus
325 2106 380 2155 erat
388 2100 460 2156 eoelo
469 2099 626 2173 Cythereius
635 2102 728 2170 heres;

88 2190 126 2233 585
141 2177 324 2249 ambieratque
334 2176 426 2233 Venus
435 2175 565 2247 Superos:
585 2176 707 2249 colloque
715 2176 833 2248 parentis

141 2250 304 2308 circumfusa
314 2251 372 2317 sui,
392 2252 538 2322 Nunquam
548 2252 625 2318 mibi,
646 2251 757 2315 dixerut,
778 2250 835 2308 ullo

141 2335 259 2399 tempore
270 2327 336 2383 dure
345 2334 432 2399 pater,
451 2343 524 2380 nune
534 2327 572 2381 sis
582 2326 741 2381 mitissimus
751 2342 811 2394 0r0;

142 2401 298 2474 Aeneaeque
310 2421 377 2468 meo,
398 2401 446 2474 qui
457 2408 482 2456 te
491 2400 525 2456 de
533 2402 665 2476 sanguine
675 2407 764 2455 nostro

143 2473 204 2530 fecit
212 2494 304 2542 avum,
316 2479 441 2550 quamvis
451 2494 575 2548 parvum,
586 2477 643 2540 des,
654 2475 761 2545 optime,
775 2491 888 2544 numen,

84 2560 128 2603 590
140 2548 288 2607 dummodo
297 2551 344 2608 des
354 2552 471 2627 aliquod.
492 2551 561 2606 Satis
571 2558 611 2605 est
621 2548 764 2604 inamabile
773 2567 891 2623 regnum

121 2623 288 2699 Adspexisse
296 2629 395 2701 semel,
418 2629 529 2712 Stygios
539 2624 625 2686 semel
632 2625 743 2694 isseper
753 2640 858 2678 amnes.
